3000 4792
1545 227 1632 292 20

653 395 805 465 Sall.
853 398 1000 484 Jug.
1432 401 1606 467 Diet.
1651 399 1753 467 Or.
2076 449 2090 459 .
2226 396 2288 464 S.
2338 398 2483 467 Sev.

490 555 548 627 5)
600 558 729 612 cum
781 558 1004 613 interim
1061 599 1075 613 .
1127 599 1141 612 .
1180 601 1194 613 .
2015 556 2074 611 Μ
2100 560 2186 621 12,
2228 562 2255 612 1
2279 558 2731 632 conspicatusque

445 630 807 698 conspicatur,
842 631 1021 698 primo
1040 630 1194 685 dubi·
1981 629 2187 683 eminus
2232 632 2560 686 venientium
2620 642 2735 690 tur·

446 718 512 754 us
531 701 1018 770 quidnaminsolita
1034 703 1195 759 facies
1983 700 2136 764 bam,
2187 703 2446 770 quidnam
2497 703 2554 756 id
2591 713 2734 764 esset

443 773 755 827 ostenderet
795 804 855 813 --
898 792 1024 828 nam
1076 815 1089 829 .
1130 816 1143 829 .
1181 816 1192 829 .
1981 772 2216 841 ignarus,
2243 775 2522 842 paululum
2547 780 2731 834 stetit:

445 845 823 908 consederant,
844 863 1017 915 neque
1031 847 1192 915 plane
1981 861 2106 897 nam
2173 885 2185 897 .
2240 886 2254 900 .
2311 886 2326 900 .
2383 846 2729 904 intervallum

447 916 651 971 occulti
697 957 711 970 .
747 957 761 970 .
800 956 844 986 .,
901 923 956 973 et
1010 924 1195 972 tamen
1876 942 1883 951 ·
1983 921 2126 978 erat,
2183 919 2245 969 ut
2297 916 2517 971 difficile
2570 921 2734 977 fuerit

444 987 643 1043 incerti
677 989 938 1058 quidnam
965 993 1185 1043 esset-
1982 988 2264 1044 dinoscere
2299 990 2428 1057 quid
2465 990 2677 1047 videret

443 1059 574 1114 dein
613 1099 626 1114 .
664 1098 679 1115 .
728 1101 743 1116 .
787 1061 1064 1133 paulisper
1100 1077 1193 1132 ag-

441 1149 570 1187 men
605 1132 888 1188 constituit

482 1204 537 1271 6)
573 1221 744 1272 pauca
789 1222 890 1273 pro
944 1207 1192 1275 tempore
1247 1197 1302 1252 II
1322 1201 1352 1251 3
1381 1215 1481 1268 pro
1501 1201 1748 1271 tempore
1769 1204 1960 1260 cohor-

444 1276 646 1329 milites
681 1275 931 1331 hortatus
1213 1270 1314 1324 tati
1349 1288 1473 1326 suos

487 1416 539 1486 1)
579 1434 645 1472 ex
679 1348 1090 1488 ann5iotempore
1247 1412 1301 1466 11
1323 1416 1390 1467 41
1429 1431 1568 1482 quae
1592 1419 1808 1487 tempus
1834 1422 1960 1476 anni

1212 1485 1520 1552 patiebatur

494 1629 547 1697 1)
596 1628 762 1685 facies
778 1562 969 1686 5tktius
1002 1633 1191 1702 negoti
1246 1626 1323 1709 IY
1374 1628 1404 1681 5
1452 1628 1783 1687 horrendam
1827 1633 1957 1689 belli

443 1701 593 1757 varia
628 1703 834 1757 incerta
871 1702 1030 1758 foeda
1210 1698 1405 1754 faelem
2500 1756 2512 1770 ‚
2677 1760 2688 1772 ‚

476 1789 652 1855 neque
698 1776 853 1843 signa
898 1791 1071 1845 neque
1106 1792 1189 1830 or·
1506 1829 1510 1832 ,
2015 1748 2055 1804 C
2090 1748 2117 1802 Ῑ
2149 1750 2241 1834 ‚33’
2280 1755 2313 1804 7
2351 1770 2461 1809 ¹²⁰³
2480 1775 2728 1839 ,lmpena

442 1843 598 1900 ame„
633 1846 923 1902 obaervare
1972 1838 2186 1949 §exleggilig
2209 1841 2336 1878 -non
2373 1829 2590 1884 ordines
2629 1833 2727 1887 ob-

480 1988 536 2058 2)
570 1988 754 2057 itaque
800 1989 1034 2045 multum
1081 1989 1189 2045 diei
1241 1983 1296 2038 ῙῙ
1343 1987 1379 2040 4
1416 1987 1640 2056 jamque
1684 1987 1792 2042 diei
1838 1990 1951 2059 ple-

439 2066 797 2130 prooessorat,
838 2078 964 2116 oum
1207 2074 1432 2125 rumque
1453 2065 1814 2127 processerat,
1832 2079 1954 2115 cum

478 2131 536 2201 3)
582 2134 850 2203 paulatim
894 2133 1097 2187 milites
1131 2133 1185 2186 in
1242 2128 1322 2182 111
1348 2132 1382 2182 8
1409 2132 1722 2199 supervenit
1746 2150 1811 2186 ac
1830 2151 1957 2187 mox

439 2221 609 2258 unum
645 2205 925 2273 conducit,
972 2206 1188 2260 ordines
1207 2217 1526 2255 conversam
1546 2221 1763 2258 suorum
1782 2206 1955 2259 aciem

440 2278 682 2331 restituit
719 2282 809 2330 cet
1210 2289 1308 2340 pro
1346 2278 1597 2343 tempore
1632 2277 1874 2330 restituit

502 2346 556 2416 5)
619 2348 906 2403 circumire
962 2346 1186 2416 hortari,
1242 2344 1322 2396 111
1349 2347 1382 2398 8
1408 2346 1486 2399 ita
1510 2349 1817 2414 praesentia
1843 2349 1957 2417 ejus

440 2434 702 2474 renovare
715 2420 985 2489 proelium
1004 2421 1187 2488 etipse
1208 2414 1375 2468 animi
1412 2418 1676 2472 tolluntur
1711 2424 1768 2473 et
1801 2437 1955 2488 proe-

440 2506 564 2544 oum
626 2492 849 2546 delectis
920 2496 1187 2561 temptare
1214 2487 1345 2540 lium
1364 2489 1688 2546 incenditur.
1729 2496 1846 2544 tum
1866 2509 1955 2546 ve-

442 2562 657 2617 omnia:
715 2563 1001 2617 subvenire
1060 2564 1187 2626 suis,
1210 2576 1272 2612 ro
1308 2560 1607 2630 confligunt
1626 2563 1786 2626 acies,
1811 2582 1955 2617 nunc

439 2630 687 2689 hostibus
723 2635 902 2690 dubiis
937 2635 1141 2690 instare
1208 2629 1485 2686 hincinde
1511 2634 1828 2688 cedentibus
1876 2636 1946 2689 in·

1204 2705 1411 2756 stantes
1449 2708 1522 2774 et,
1558 2706 1652 2759 ubi
1677 2706 1818 2760 acies
1854 2724 1951 2759 nu-

1205 2778 1418 2828 taverat
1435 2814 1448 2837 ,
1520 2777 1804 2844 praesidiis
1865 2795 1949 2833 ac·

1206 2847 1548 2901 currentibus
2295 2875 2324 2895 v

476 2990 531 3060 3)
559 2990 739 3060 etjam
759 2918 854 3044 ἔξω.
862 3007 1054 3061 vesper
1071 2996 1185 3047 erat
1256 2987 1339 3041 111
1392 2990 1426 3043 8
1486 2994 1545 3045 et
1596 2991 1706 3046 diei
1759 3008 1951 3061 vesper

476 3134 534 3203 4)
569 3131 677 3187 fusi
711 3131 990 3204 fugatique
1207 3063 1324 3184 effi,
1362 3133 1427 3186 13
1466 3131 1700 3187 fundunt
1736 3132 1948 3205 fugant·
1971 3106 2186 3252 sfgags
2204 3111 2273 3163 21
2293 3148 2306 3173 ³
2367 3111 2401 3163 2
2455 3111 2599 3168 fusus
2654 3129 2718 3167 ¹²⁰·

476 3275 533 3346 ὅ)
569 3275 742 3331 aciem
778 3280 1004 3333 exornat
1207 3219 1315 3331 q&
1350 3276 1384 3329 8
1416 3274 1646 3330 classem
1683 3281 1911 3332 exornat

474 3420 529 3488 3)
567 3418 754 3488 fugam
768 3348 996 3475 5f3ciunt
1036 3403 1042 3409 ⁸
1239 3413 1317 3471 IV
1354 3418 1386 3471 3
1423 3416 1610 3486 fugam
1646 3417 1852 3473 faciunt

485 3491 541 3561 6)
602 3492 852 3546 instructi
903 3491 1184 3560 paratique
1240 3486 1320 3539 ΙΙΙ
1371 3490 1406 3542 4
1465 3489 1760 3543 instructae
1808 3492 1949 3546 acies

436 3563 655 3618 obviam
691 3563 999 3633 procedunt
1205 3558 1491 3613 advorsum
1529 3576 1842 3627 processere

471 3633 527 3702 8)
580 3652 676 3689 sua
735 3636 961 3704 quisque
1020 3632 1183 3688 fortia
1237 3629 1291 3682 II
1316 3633 1387 3683 44
1413 3630 1612 3699 singuli
1631 3632 1949 3686 extollentes

436 3705 582 3763 facta
617 3706 689 3762 ad
725 3708 935 3762 coelum
970 3705 1079 3760 fert
1202 3701 1456 3755 virtutem
1466 3718 1769 3757 memorare
1787 3704 1948 3760 fortia

1202 3772 1346 3827 facta

768 3849 859 3903 54.

472 3919 527 3984 1)
563 3935 718 3974 more
751 3919 979 3974 militiae
1235 3916 1291 3970 11
1328 3917 1397 3972 36
1438 3932 1592 3971 more
1628 3917 1857 3973 militiae

466 3989 717 4046 hortatur
774 4029 791 4045 .
852 4031 865 4045 .
919 4028 934 4043 .
995 4008 1180 4060 parem
1236 3989 1262 4042 I
1300 3992 1334 4044 9
1369 3988 1573 4044 bonum
1599 3990 1837 4044 animum
1866 3992 1947 4046 uti

431 4064 675 4118 animum
712 4065 905 4132 gerant
1202 4065 1416 4131 gereret
1425 4060 1677 4117 hortatur
1685 4061 1833 4121 cfr-V
1842 4065 1893 4134 7,
1912 4067 1945 4119 9

470 4135 529 4203 5)
576 4136 768 4190 statuit
801 4150 911 4188 non
961 4135 1181 4202 proeliis
2003 4139 2044 4195 G
2088 4139 2115 4194 1
2152 4143 2224 4196 22
2240 4180 2253 4203 ,
2301 4141 2337 4194 4
2387 4156 2496 4194 non
2545 4141 2712 4196 armis

432 4204 1010 4349 {gillffinwgigruffdddio
1030 4223 1182 4260 more
1966 4215 2059 4266 aut
2112 4212 2316 4338 viribius
2354 4213 2566 4297 ‘urbem
2611 4230 2717 4340 δεῖ

1967 4301 2195 4354 gressus,
2263 4302 2369 4339 erri
2405 4301 2590 4340 arcam
2663 4301 2713 4340 ei

1964 4357 2112 4411 circa
2147 4373 2334 4413 muros
2361 4358 2522 4428 jubet
