3000 4792
645 359 795 427 Sall.
842 361 883 427 J
885 383 992 448 ug.

425 522 743 592 obtestatur,
778 524 859 577 uti
879 523 1169 593 aliquando

425 594 532 648 sibi
573 637 585 650 .
615 636 628 650 .
668 634 682 649 .
717 597 1020 664 provideat,
1058 614 1171 651 om·

390 676 398 684 ·
427 667 586 720 nibus
607 668 825 736 proeliis
845 685 959 722 sese
979 669 1169 731 victos,

426 754 619 808 agrum
657 746 928 794 vastatum
963 744 1052 794 cet

461 878 519 948 4)
581 897 770 935 eorum
830 885 887 937 et
944 883 1173 938 aliorum
1227 885 1281 941 11
1305 887 1378 941 20
1400 898 1630 954 quorum
1652 879 1933 934 consilium

1196 959 1384 1012 haberi
1422 956 1643 1010 solitum
1679 957 1796 1006 erat

464 1026 522 1091 ὅ)
582 1043 648 1080 ex
696 1026 890 1079 consili
947 1025 1173 1081 decreto
1228 1031 1253 1083 1
1279 1033 1312 1084 4
1339 1046 1405 1083 ex
1423 1025 1633 1084 consilii
1669 1024 1937 1078 sententia

1196 1105 1443 1172 legantur
1494 1099 1593 1153 cfr.
1648 1096 1675 1148 I
1738 1099 1801 1164 4,
1846 1097 1934 1149 14.

1196 1175 1248 1227 ΙΙ
1285 1175 1336 1244 6,
1372 1172 1450 1229 IV
1490 1174 1574 1233 18,
1611 1168 1684 1221 22

1227 1317 1256 1372 Ι
1293 1317 1468 1380 3,18.
1514 1308 1936 1379 1110,11,15,
2029 1299 2122 1356 01
2157 1301 2210 1367 6,
2252 1304 2300 1356 1.
2336 1296 2443 1365 17,
2479 1301 2527 1353 1.
2560 1300 2588 1355 1
2616 1303 2703 1367 11,

1204 1392 1282 1451 18,
1323 1391 1410 1459 28,
1449 1388 1517 1441 35
1557 1386 1647 1439 oet

433 1525 445 1538 ,
1251 1461 1329 1517 IV
1388 1461 1422 1514 9
1482 1457 1574 1527 qui
1633 1454 1689 1506 in
1748 1451 1938 1521 primis

429 1532 706 1596 integrum
723 1529 1002 1600 ingenium
1021 1531 1174 1586 brevi
1195 1532 1458 1615 pueritiae
1478 1528 1631 1584 annis
1645 1542 1774 1652 ξιέἷιθι
1791 1542 1938 1650 veliz

1197 1601 1706 1732 f²ff¹¹i¹¹2525212222212
1777 1636 1790 1661 '

428 952 714 1006 eonsilium
750 953 917 1008 habet

428 1112 529 1165 per
562 1096 774 1166 legatos
807 1098 1020 1167 inperat

470 1310 523 1380 1)
558 1326 659 1381 per
691 1241 851 1366 idgx}
875 1316 1092 1383 tempus

468 1452 527 1522 3)
562 1455 641 1510 ita
675 1456 817 1511 inter
848 1457 980 1510 artis
1003 1457 1173 1512 bonas

431 1598 670 1654 adolevit

468 1743 536 1810 6).
578 1746 760 1797 tamen
805 1744 852 1797 is
901 1744 971 1798 ad
1003 1745 1063 1799 id
1098 1745 1176 1799 lo-

435 1831 624 1869 corum
658 1817 784 1870 talis
810 1817 893 1870 vir
920 1833 1047 1870 nam
1074 1834 1171 1886 po·

429 1890 548 1941 stea
583 1888 880 1942 ambitione
914 1906 1176 1959 praeceps

432 1958 591 2014 datus
628 1963 712 2014 est

1531 144 1638 255 ‘22

1394 359 1563 427 Diet.
1610 359 1713 425 Cr.

2204 356 2266 422 S.
2315 354 2457 422 Sev.

1956 518 2263 574 obtestatur
2278 559 2291 586 ‚
2348 515 2570 571 mitiora
2620 516 2702 573 uti

1958 592 2317 652 consulerent,
2357 589 2566 644 clausos
2602 630 2616 643 .
2643 626 2657 643 .
2685 629 2702 644 .

1952 665 2069 734 jam
2106 664 2398 731 septimum
2434 678 2701 716 mensem·

1955 753 2149 806 agere,
2234 773 2248 787 .
2326 773 2340 786 .
2403 773 2417 788 .
2494 735 2701 788 nullam

1955 825 2107 878 spem
2146 846 2160 860 .
2201 845 2214 860 .
2250 803 2371 861 dari
2406 808 2495 861 oet

1959 1377 2011 1441 9,
2058 1373 2086 1428 1
2124 1376 2209 1444 17,
2260 1377 2312 1438 3,
2353 1370 2381 1423 1
2418 1375 2507 1442 37,
2543 1376 2575 1428 3
2612 1376 2704 1428 eet

1996 1734 2037 1790 C
2088 1735 2144 1789 11
2198 1736 2297 1802 37,
2364 1734 2397 1785 2
2463 1735 2707 1788 ceterum

1961 1811 2121 1863 antea
2171 1807 2430 1861 innocens
2444 1847 2458 1874 ,
2516 1812 2708 1875 postea

1960 1882 2285 1951 depravatus

491 2101 547 2169 5)
601 2119 777 2172 neque
844 2072 992 2157 ‘facto
1062 2101 1176 2157 ullo
1230 2106 1280 2165 V
1301 2105 1368 2160 15
1391 2105 1632 2160 lacerare
1658 2106 1945 2171 utrumque

432 2190 611 2245 neque
646 2175 795 2230 dieto
832 2175 1106 2230 abstinere
1197 2196 1385 2249 regem
1444 2192 1622 2247 neque
1671 2175 1944 2230 abstinere

768 2318 836 2374 67
1199 2249 1506 2307 maledictis

475 2388 529 2458 3)
565 2388 692 2457 quia
732 2389 815 2444 illi
853 2430 867 2445 .
903 2430 918 2444 .
957 2429 972 2444 .
1007 2388 1180 2458 turpis
1234 2394 1311 2450 IV
1354 2394 1418 2448 15
1458 2395 1676 2460 turpem
1713 2402 1946 2455 namque

434 2461 550 2517 Vif’a
580 2462 796 2529 integra
829 2461 975 2517 fama
1000 2463 1182 2531 potior
1202 2485 1265 2522 ao
1287 2464 1668 2520 detestandam
1691 2461 1819 2515 viris
1842 2460 1945 2513 for·

435 2531 554 2600 fuit,
591 2533 855 2602 inprobus
900 2534 1181 2588 intestabi-
1203 2539 1354 2592 tibus
1430 2534 1801 2590 conditionem
1866 2547 1942 2584 se·

433 2603 606 2673 lis‘lue
639 2605 853 2661 videtur
1202 2614 1412 2669 uectae,
1437 2610 1629 2662 contra
1639 2602 1947 2660 imbellibus

1204 2681 1507 2753 optabilem

771 2751 858 2804 68.

478 2819 532 2889 1)
568 2838 599 2876 e
635 2825 925 2891 conspeetu
960 2821 1079 2876 abit
1240 2823 1288 2878 V
1306 2825 1337 2877 3
1360 2838 1418 2875 se
1437 2818 1589 2873 abire
1603 2834 1633 2872 e
1653 2820 1951 2886 conspectu

1205 2894 1304 2948 cfr.
1339 2892 1389 2947 V
1428 2892 1517 2956 16,
1552 2889 1627 2946 VI
1670 2889 1735 2943 10

475 2964 649 3017 ultum
684 2964 764 3018 ire
788 2964 1010 3034 injurias
1039 2962 1184 3017 festi·
1239 2966 1293 3019 II
1319 2968 1386 3019 37
1424 2965 1602 3017 ultum
1624 2961 1705 3014 ire
1727 2959 1951 3029 cupiens
2008 2949 2049 3004 G
2083 2948 2139 3002 ῙῙ
2177 2951 2229 3014 4,
2264 2950 2298 3002 2
2334 2948 2503 3001 ultum
2524 2945 2605 3000 ire
2638 2944 2717 2999 fa-

437 3040 534 3091 nat
1207 3038 1428 3106 injurias
1465 3035 1564 3089 cfr.
1601 3032 1694 3094 VI,
1732 3032 1760 3084 1
1974 3021 2409 3090 einuscupientes
2427 3019 2712 3103 cnsr.144,5

477 3111 533 3176 3)
586 3108 786 3163 milites
833 3109 951 3179 jam
1005 3108 1187 3163 omnia
1241 3110 1320 3163 ΙΙΙ
1351 3112 1416 3164 13
1451 3104 1597 3176 (cod.
1616 3101 1699 3171 P.)
1717 3103 1953 3157 abnuen-
2009 3095 2049 3149 C
2075 3094 2245 3162 1133,
2280 3096 2315 3147 2
2351 3093 2605 3175 milites..
2647 3129 2662 3144 .
2700 3129 2713 3144 .

440 3180 738 3236 abnuentes
1207 3183 1354 3236 tibus
1384 3180 1501 3249 jam
1539 3175 1788 3231 barbaris
1974 3167 2268 3221 abnuentes
2310 3202 2323 3217 .
2362 3208 2372 3217 .
2415 3201 2429 3216 .
2451 3162 2715 3219 reimebat

480 3324 532 3393 1)
569 3323 1185 3394 utieratres,Metellum
1239 3323 1296 3378 11
1324 3326 1385 3377 11
1410 3325 1561 3376 ratus
1582 3322 1645 3373 ut
1669 3316 1951 3388 negotium
2011 3309 2051 3365 C
2088 3309 2115 3363 I
2141 3312 2193 3372 3,
2230 3309 2263 3362 3
2300 3310 2451 3361 rssssufl
2485 3305 2544 3359 id
2570 3302 2718 3373 quod

440 3410 556 3450 esse
590 3396 696 3450 rati
1207 3399 1325 3451 erat
1976 3386 2094 3435 erat
2507 3448 2519 3461 ι

475 3484 601 3522 eum
619 3485 817 3538 magno
829 3467 1026 3540 gaudio
1043 3466 1186 3523 obvii
2011 3453 2052 3507 C
2078 3453 2104 3507 Ι
2131 3452 2218 3513 31,
2256 3450 2289 3503 5
2307 3452 2580 3505 ,certatim
2620 3487 2634 3501 .
2662 3486 2674 3499 .
2707 3487 2719 3502 .

318 3536 337 3544 “
412 3564 421 3571 ’
441 3541 748 3616 procedunt
1976 3541 2098 3578 eum
2120 3521 2313 3587 gaudio
2330 3520 2550 3576 obviam
2566 3536 2723 3574 ruere

465 3615 521 3684 2)
541 3613 969 3685 volguseffusum
984 3610 1187 3681 oppido
1242 3607 1298 3661 11
1337 3611 1402 3664 32
1441 3602 1598 3659 effusi
1631 3600 1804 3672 portis
2685 3662 2697 3674 ι

475 3688 533 3757 3)
561 3687 751 3742 civitas
767 3688 966 3741 cuneta
983 3699 1190 3754 poenae
2012 3666 2053 3722 C
2104 3665 2131 3719 Ι
2180 3665 2232 3727 5,
2284 3668 2320 3721 4
2355 3662 2617 3747 Sodoma·
2644 3661 2725 3717 ‹11-

1976 3741 2135 3809 repta
2180 3738 2415 3808 praedae
2476 3735 2723 3791 hostibus

443 3763 538 3816 aut
571 3758 809 3829 praedae
845 3757 947 3812 fuit
2037 3814 2048 3824 ⁸

1978 3814 2079 3867 fuit

504 3900 562 3972 4)
613 3901 792 3972 jussus
864 3917 896 3956 a
966 3896 1190 3954 Metello

437 3990 683 4030 caussam
693 3974 1191 4041 dicere,postquam

442 4064 559 4102 sese
584 4062 779 4116 parum
806 4047 1073 4114 expurgat
1104 4081 1116 4094 .
1138 4082 1152 4096 .
1178 4082 1191 4096 .

445 4118 626 4188 eapite
661 4133 864 4187 poenas
900 4115 1065 4170 solvit

479 4328 536 4398 2)
596 4345 663 4383 ex
716 4260 960 4397 ᾳιιζοῖῌί
1011 4326 1189 4399 gloria

437 4415 674 4472 opesque
705 4400 958 4456 inventae

2014 3884 2054 3938 C
2092 3882 2146 3937 11
2179 3883 2269 3951 49,
2317 3886 2350 3937 8
2390 3880 2572 3950 jussus
2607 3894 2729 3932 oau-

1978 3973 2096 4012 sam
2153 3954 2335 4009 dioere
2352 3994 2366 4020 ,
2438 3953 2727 4021 postquam

1978 4047 2036 4084 se
2055 4043 2248 4098 parum
2273 4022 2629 4094 expurgabat,
2650 4020 2730 4074 in·

1978 4101 2181 4169 dignus
2218 4133 2233 4148 .
2261 4134 2277 4152 .
2301 4136 2315 4151 .
2350 4093 2729 4166 pronuntiatus

1977 4176 2066 4226 est

2008 4312 2050 4368 G
2068 4310 2123 4366 11
2146 4312 2232 4380 13,
2269 4311 2333 4364 12
2357 4324 2422 4365 ex
2442 4323 2506 4364 eo
2524 4306 2705 4362 oarior

1970 4382 2297 4457 summisque
2333 4423 2348 4439 .
2371 4420 2386 4437 .
2427 4422 2443 4438 .
2478 4380 2707 4438 donatus
