3000 4792
1569 190 1651 252 52

465 382 616 425 casu
658 361 783 426 nisi
827 380 1037 440 causa,
1083 380 1211 443 qua
1253 360 1506 424 animos
1549 360 1842 424 intentus
1886 360 2002 426 fiat
2021 409 2037 440 ,
2100 363 2480 448 appelletur.
2572 361 2752 437 Quae

467 486 611 530 cum
655 467 749 529 ita
791 465 940 543 sint,
986 464 1187 530 verba
1235 464 1491 548 »aliquo
1518 465 1824 548 negotio«
1863 468 1976 528 aut
1997 467 2355 531 ablativum
2386 467 2752 534 absolutum

467 591 602 635 esse
659 570 1052 648 statuerunt,
1112 573 1225 633 aut
1281 568 1640 632 ablativum
1688 568 1982 652 »aliquo«
2040 593 2119 635 ex
2159 572 2375 637 dativo
2425 572 2747 656 »aliquoi«

469 678 842 760 corruptum
900 695 1036 740 esse
1095 674 1407 758 suspicati
1466 677 1620 737 sunt
1682 673 1799 738 cfr.
1865 675 2165 741 Friihner
2224 679 2292 741 in
2337 676 2575 742 Philol.
2621 677 2750 741 vol.

464 779 589 846 XV
633 803 698 864 p.
744 779 891 844 291.
987 775 1189 851 Quem
1257 798 1475 844 casum
1540 800 1672 842 non
1742 779 1929 843 modo
1996 782 2318 865 superflue
2384 782 2565 860 addi,
2637 782 2748 846 sed

466 884 753 950 additum
799 882 991 947 etiam
1031 883 1234 947 totius
1277 883 1402 948 loci
1446 904 1704 946 sensum
1748 883 2092 949 obscurare
2129 885 2496 951 Dietschius
2521 909 2584 969 p.
2628 885 2749 949 100

463 991 641 1054 recte
683 988 1005 1051 monuisse
1049 985 1317 1051 videtur.
1408 986 1587 1051 Idem
1632 986 1917 1073 ablativa
1965 988 2223 1071 »aliquo
2269 991 2573 1073 negotio«
2599 1010 2749 1053 cum

463 1094 662 1159 verbo
710 1091 1041 1175 ›quaerit‹
1088 1089 1542 1174 conjungenda
1585 1111 1723 1154 esse
1762 1091 2098 1172 judicavit,
2143 1093 2247 1157 cui
2274 1094 2633 1157 sententiae
2668 1115 2745 1158 eo

463 1197 735 1261 maxime
771 1214 1217 1279 permovemur
1260 1195 1335 1257 ut
1378 1193 1770 1276 accedamus,
1817 1195 1987 1277 quod
2003 1195 2137 1279 jam
2160 1194 2434 1261 Severus
2455 1196 2746 1261 imitator

322 1310 331 1317 ‘
463 1303 555 1365 ita
615 1299 832 1364 locum
884 1297 1277 1361 intellexisse
1337 1296 1590 1361 videtur
1633 1295 1704 1360 G.
1752 1296 1785 1362 I
1830 1298 1891 1375 4,
1946 1298 1986 1362 5
2051 1298 2195 1362 »his
2255 1320 2429 1363 more
2477 1299 2744 1365 humani

462 1403 710 1487 ingenii
754 1402 1092 1466 consilium
1137 1400 1280 1478 fuit,
1327 1401 1570 1484 insigni
1615 1401 1834 1485 aliquo
1880 1423 2072 1485 opere
2109 1401 2346 1466 famam
2374 1423 2743 1486 quaerere«.

462 1504 665 1581 Quem
725 1507 935 1570 locum
985 1505 1123 1588 jam
1168 1504 1707 1569 Wiedemannum
1764 1505 1832 1568 in
1881 1505 2114 1571 Philol.
2162 1508 2269 1572 vol
2310 1506 2477 1573 XIX·
2508 1531 2569 1592 p,
2621 1508 2744 1571 154

354 1641 361 1647 ¹
463 1608 906 1694 perscripsisse
965 1608 1131 1672 bene
1197 1607 1457 1690 quidem
1522 1608 1976 1687 memineram,
2040 1631 2252 1693 neque
2296 1591 2517 1675 tamen
2560 1631 2746 1695 prae-

461 1713 851 1778 tereundum
895 1711 1226 1795 putabam,
1288 1731 1370 1775 ne
1417 1710 1572 1793 quid
1615 1711 1766 1776 huic
1809 1713 2049 1794 libello,
2093 1735 2223 1798 quo
2264 1714 2343 1778 de
2387 1714 2747 1779 imitatione

465 1817 859 1882 Sallustiana
900 1814 1288 1891 disserimus,
1335 1815 1606 1879 deesset.

1424 2000 1561 2066 cat.
1614 2003 1673 2080 5,
1721 2004 1779 2066 2.

636 2135 840 2200 »Huic
868 2135 1239 2222 (Catilinae)
1284 2135 1366 2199 ab
1411 2136 1847 2200 adulescentia
1891 2136 2060 2201 bella
2104 2138 2434 2215 intestina,
2482 2139 2732 2216 caedes,

442 2241 742 2325 rapinae,
789 2239 1103 2305 discordia
1142 2239 1350 2304 civilis
1392 2242 1583 2324 grata
1619 2238 1819 2316 fuere,
1864 2239 2085 2323 ibique
2119 2240 2528 2324 juventutem
2559 2264 2740 2307 suam

457 2346 803 2411 exercuit«

628 2447 737 2514 Sic
794 2448 863 2511 in
924 2448 1188 2532 optimis
1244 2445 1574 2513 codicibus
1633 2446 1903 2529 legitur3
1974 2447 2334 2512 mirandum
2384 2451 2601 2514 autem
2645 2454 2744 2516 est

457 2552 629 2636 quod
673 2551 1020 2634 singularis
1065 2549 1459 2614 »discordia«
1511 2551 1659 2632 post
1705 2549 1984 2633 plurales
2033 2551 2273 2629 ›bella,
2337 2554 2578 2630 caedeS,
2640 2576 2747 2618 ra-

455 2658 686 2741 pinae«
732 2654 899 2719 nulli
943 2654 1070 2718 nisi
1113 2652 1360 2717 Brinko
1405 2652 1474 2716 in
1509 2652 1745 2719 Philol.
1791 2653 1916 2718 vol.
1943 2653 2095 2718 XXI
2130 2677 2195 2739 p.
2232 2657 2352 2719 162
2398 2656 2742 2722 offensioni

456 2758 602 2822 fuit.
693 2757 1045 2822 Levissima
1090 2759 1307 2821 autem
1352 2758 1528 2822 vocis
1576 2758 1973 2822 »discordia«
2022 2760 2092 2823 in
2141 2760 2573 2828 »discordiae«
2621 2761 2748 2827 im-

461 2862 737 2927 mutatio
797 2861 882 2925 ab
942 2861 1059 2925 illo
1119 2863 1456 2946 proposita
1499 2863 1570 2926 in
1616 2863 1715 2926 cul
1726 2884 1871 2946 pam
1915 2863 2304 2927 temeritatis
2349 2866 2563 2930 vocari
2609 2887 2741 2930 non

456 2967 702 3050 potest,
785 2964 1024 3049 quippe
1095 2956 1261 3049 quae
1333 2987 1451 3050 per
1507 2965 1667 3030 duos
1731 2966 2054 3031 Dietschii
2134 2966 2337 3032 libro's
2397 2967 2488 3055 p⁵
2553 2972 2621 3033 et
2679 2991 2740 3046 r,

453 3092 727 3155 quarum
767 3070 962 3135 lectio
991 3069 1386 3135 »discordie«
1412 3091 1564 3135 vera
1607 3092 1741 3136 esse
1766 3071 2041 3148 videtur,
2099 3069 2483 3138 defendatur
2523 3075 2740 3157 atque,

456 3177 511 3241 si
580 3177 723 3259 quis
791 3175 1082 3240 codicum
1146 3176 1404 3239 illorum
1478 3175 1726 3239 nullam
1815 3175 2266 3240 auctoritatem
2330 3199 2464 3242 esse
2546 3178 2741 3256 dicat,

454 3280 677 3346 Severi
721 3281 896 3344 certe
941 3279 1250 3343 fulciatur
1290 3280 1656 3344 imitatione

800 3382 849 3447 C
879 3382 912 3448 I
937 3384 1040 3461 26,
1095 3388 1124 3447 1
1178 3383 1618 3462 »Abimelech,
1667 3405 1746 3447 ex
1790 3383 2148 3448 concubina
2186 3386 2385 3462 ortus,
2430 3384 2742 3451 fratribus

798 3488 1225 3572 interemptis,
1271 3489 1566 3572 pessimis
1610 3487 1974 3571 quibusque
2018 3488 2564 3555 consentientibus
2611 3538 2625 3554 .
2671 3537 2686 3553 .
2723 3539 2738 3556 .

803 3610 1072 3675 regnum
1122 3591 1479 3674 occupavit.
1526 3592 1706 3674 isque
1734 3590 2071 3667 discordiis
2114 3593 2398 3658 civibibus
2434 3595 2742 3660 exercitus

683 3682 688 3687 ⁴
803 3716 950 3758 cum
993 3716 1143 3759 suos
1187 3694 1356 3758 bello
1403 3698 1724 3779 premeret
1767 3696 1931 3783 cet«.
2049 3710 2056 3716 “

629 3799 840 3883 Ipsius
883 3819 1033 3864 vero
1057 3797 1322 3863 Sallusti
1365 3800 1809 3865 consuetudini
1856 3798 2170 3883 pluralem
2216 3821 2351 3864 non
2382 3821 2742 3886 repugnare

448 3904 655 3967 elucet
696 3923 775 3967 ex
815 3902 963 3987 Jug.
1011 3903 1113 3983 78,
1165 3907 1194 3966 1
1249 3904 1372 3968 »ob
1416 3905 1764 3969 discordias
1800 3903 2046 3969 civilis«
2079 3952 2093 3967 .

1393 4090 1534 4155 Cat.
1587 4093 1691 4171 36,
1740 4093 1799 4157 5.

630 4220 698 4285 Si
742 4221 1030 4288 Jordano
1090 4224 1246 4290 fides
1308 4225 1609 4304 debetur,
1671 4228 1738 4291 in
1784 4225 1880 4291 Po
1942 4231 2008 4291 et
2065 4225 2329 4309 optimis
2376 4224 2743 4309 quibusque

442 4321 625 4385 libris
669 4324 978 4408 scriptum
1020 4329 1155 4391 est:
2434 4324 2438 4328 ’
