3000 4792
1405 199 1484 266 51

653 373 760 436 »et
811 391 885 435 ea
941 370 1326 454 tempestate
1385 390 1532 454 spes
1595 369 1789 452 atque
1832 389 1983 454 opes
2025 375 2308 440 civitatis
2350 377 2419 440 in
2469 378 2583 442 illo

651 471 845 537 sitae“
866 492 879 504 ’

302 577 469 641 Pum
485 576 507 613 ¹
538 578 793 640 secutus
834 597 970 641 esse
1002 574 1274 641 videtur.
1362 571 1535 637 Nam
1579 573 1752 657 quod
1785 575 1852 638 in
1883 577 2310 646 deterioribus
2332 583 2583 666 aliquot

300 680 485 746 libris
526 682 832 766 scriptum
878 683 977 745 est
1025 701 1140 744 »ea
1182 679 1605 763 tempestate«
1654 681 1923 764 propter
1954 683 2267 749 minorem
2293 687 2580 752 codicum

301 806 526 851 eorum
569 786 1022 852 auctoritatem
1067 782 1408 867 indignum
1436 782 1691 847 videtur
1713 784 1884 866 quod
1908 786 2277 871 recipiatur.
2346 788 2590 856 Contra

303 889 496 954 lectio
546 910 664 953 »ex
706 910 781 953 ea
823 888 1269 972 tempestate«,
1317 907 1513 971 quam
1556 885 1629 950 in
1671 888 1899 953 ceteris
1940 889 2007 954 G.
2055 912 2172 956 neo
2214 913 2350 961 non
2393 895 2464 958 in
2493 893 2587 958 Po

305 996 572 1078 propter
613 992 934 1058 Dietschii
993 993 1058 1058 et
1101 989 1144 1056 J
1145 990 1371 1057 ordani
1431 990 1760 1055 silentium
1807 994 2058 1057 exstare
2113 996 2415 1079 putamus
2429 1046 2444 1077 ,
2511 1018 2587 1062 eo

306 1096 623 1161 refellitur
640 1143 657 1175 ,
723 1097 895 1180 quod
939 1095 1108 1179 apud
1154 1097 1500 1176 utrumque
1544 1094 1937 1161 imitatorem
1986 1119 2143 1161 ›ex‹
2194 1101 2585 1184 praepositio

307 1201 486 1267 deest
544 1200 658 1267 cfr.
707 1201 791 1265 D.
833 1199 936 1263 Cr.
1000 1197 1035 1260 I
1094 1197 1180 1260 44
1244 1217 1492 1279 »neque
1560 1197 1859 1279 cuiquam
1919 1200 2221 1282 dubium,
2290 1204 2447 1287 quin
2513 1226 2589 1270 ea

308 1307 692 1390 tempestate
735 1305 840 1367 tot
892 1300 1172 1384 egregiis
1215 1319 1289 1364 ac
1334 1298 1783 1384 pulcherrimis
1824 1300 1962 1382 ejus
2004 1303 2398 1371 facinoribus
2441 1329 2588 1392 spes

310 1429 534 1474 omnes
579 1409 775 1488 atque
819 1423 973 1488 opes
1019 1403 1286 1468 militiae
1330 1403 1398 1466 in
1444 1402 1565 1467 tali
1609 1403 1748 1466 viro
1794 1403 2240 1469 sisterentur.«
2332 1408 2398 1472 S.
2444 1409 2587 1476 Ser.

308 1512 379 1578 O.
427 1511 459 1575 1
505 1512 608 1587 ll,
664 1508 705 1572 8
769 1529 845 1572 ea
903 1510 1287 1592 tempestate
1351 1529 1496 1592 spes
1555 1509 1751 1590 atque
1810 1509 1985 1572 salus
2030 1511 2315 1595 Aegypti
2360 1513 2428 1577 in
2473 1515 2589 1578 illo

309 1617 437 1680 sita
481 1614 679 1678 erat«.
769 1611 1100 1677 Facillime
1144 1615 1360 1677 autem
1406 1612 1550 1677 fieri
1594 1611 1831 1696 potuit,
1876 1616 1981 1689 ut,·
2017 1615 2188 1697 quod
2223 1616 2591 1683 Dietschius

311 1743 377 1806 p.
425 1720 509 1785 99
553 1718 909 1802 suspicatus
951 1720 1068 1797 est,
1112 1716 1272 1780 illud
1319 1718 1487 1794 »et«,
1535 1717 1705 1800 quod
1752 1738 1918 1781 unus
1962 1716 2092 1782 Pus
2121 1719 2142 1754 ¹
2188 1721 2477 1802 retinuit,
2519 1723 2588 1786 in

184 1914 189 1917 ι
315 1845 472 1889 »ex«
519 1822 1019 1905 corrumpertur.
1109 1817 1338 1903 Neque
1394 1840 1656 1904 prorsus
1699 1820 1980 1903 intelligi
2029 1825 2275 1906 potest,
2338 1846 2468 1908 qua
2510 1826 2588 1890 de

307 1917 502 1994 causa
543 1923 882 1990 Sallustius
940 1923 1018 1987 de
1063 1921 1271 1987 Mario
1329 1922 1444 1986 illo
1460 1969 1475 2000 ,
1545 1924 1659 2006 qui
1703 1924 1895 2007 paulo
1943 1929 2092 2009 post
2146 1928 2393 2010 patriae
2438 1951 2590 1995 suae

309 2031 592 2097 maximo
638 2028 1026 2093 detrimento
1071 2026 1229 2104 fuit,
1295 2048 1415 2091 »ex
1458 2048 1534 2090 ea
1577 2029 1961 2110 tempestate
2006 2050 2149 2113 spes
2194 2032 2389 2114 atque
2434 2054 2591 2117 opes

311 2135 594 2201 civitatis
649 2133 715 2197 in
782 2133 899 2197 illo
942 2132 1145 2196 sitae«
1191 2131 1398 2197 dicere
1441 2131 1765 2196 maluerit.
1856 2132 1941 2196 At
1986 2134 2373 2218 particulam
2420 2139 2589 2214 »et«,

311 2260 442 2324 qua
487 2258 648 2322 quae
690 2238 760 2300 in
804 2234 1329 2300 antecedentibus
1373 2236 1547 2299 dicta
1597 2238 1752 2301 sunt
1812 2237 2280 2303 confirmantur
2319 2239 2478 2324 (und
2521 2241 2591 2303 in

311 2339 712 2426 Wahrheit),
758 2339 907 2403 huic
950 2338 1115 2419 1000,
1160 2360 1289 2422 quo
1335 2340 1475 2402 tota
1520 2340 1808 2402 narratio
1855 2339 2096 2417 finitur,
2143 2342 2387 2425 optime
2432 2363 2589 2407 con-

310 2448 528 2512 venire
572 2466 763 2510 nemo
792 2443 1079 2528 negabit.
1168 2442 1246 2507 Pi
1265 2444 1288 2480 ¹
1319 2465 1470 2509 vero
1504 2443 1852 2508 auctoritas
1880 2464 1955 2508 eo
1977 2465 2235 2528 quoque
2255 2446 2588 2537 probatur,

310 2551 484 2635 quod
506 2549 873 2636 Septimius,
918 2549 1032 2632 qui
1077 2547 1282 2612 altero
1323 2547 1651 2612 imitatore
1696 2548 2059 2612 accuratius
2103 2549 2306 2634 ipsius
2328 2549 2594 2616 Sallusti

312 2653 507 2718 verba
548 2653 843 2727 retinuit,
887 2651 1047 2715 illud
1097 2653 1241 2715 »et«
1287 2651 1550 2735 gravius
1585 2651 1782 2715 etiam
1825 2673 1941 2735 per
1996 2674 2245 2735 »neque
2290 2654 2588 2737 cuiquam

315 2757 600 2836 dubium,
646 2758 847 2841 quin«
896 2755 1213 2820 enuntiat.

487 2858 633 2925 Jam
692 2860 999 2943 quoniam
1043 2857 1430 2942 Septimium
1487 2861 1554 2923 et
1594 2859 1897 2925 Severum
1942 2860 2024 2924 ad
2059 2860 2375 2944 judicium
2419 2863 2594 2927 codi-

315 2964 497 3031 cibus
539 2962 947 3028 Sallustianis
998 2962 1432 3031 adhibendum
1487 2984 1623 3026 non
1665 2965 1846 3048 parvi
1893 2965 2200 3028 momenti
2245 2985 2379 3028 esse
2423 2987 2590 3030 com·

316 3068 608 3155 pluribus
648 3067 807 3130 locis
850 3066 1358 3129 demonstratum
1403 3067 1519 3139 est,
1566 3066 1646 3128 ad
1691 3065 1854 3128 alios
1876 3065 2185 3147 quosdam
2218 3066 2416 3141 locos,
2463 3089 2591 3150 quo

318 3173 588 3256 quisque
641 3190 779 3233 sese
821 3159 1014 3232 offert
1055 3166 1298 3244 ordine,
1340 3167 1802 3233 transeundum
1824 3167 2099 3233 videtur.
2186 3166 2474 3245 Quorum
2514 3192 2594 3234 ex

314 3276 524 3360 primo
601 3274 671 3339 in
752 3271 1226 3336 hermeneutica
1291 3292 1549 3354 quoque
1616 3273 1753 3336 arte
1817 3271 2169 3336 exercenda
2234 3273 2593 3341 imitatores

311 3378 608 3446 adhiberi
651 3397 839 3462 posse
884 3374 1244 3459 apparebit.

1280 3607 1416 3672 Cat.
1466 3610 1526 3687 2,
1573 3610 1631 3673 9.

491 3795 772 3862 »Verum
817 3797 1141 3860 enimvero
1184 3795 1240 3859 is
1284 3793 1540 3858 demum
1584 3795 1749 3859 mihi
1768 3797 1979 3860 vivere
2004 3797 2198 3877 atque
2227 3793 2357 3857 frui
2380 3795 2595 3858 anima

313 3901 597 3979 videtur,
661 3901 775 3983 qui
833 3899 1049 3982 aliquo
1113 3898 1377 3982 negotio
1422 3899 1714 3962 intentus
1775 3900 2091 3983 praeclari
2136 3897 2438 3962 facinoris
2482 3902 2596 3961 aut

313 4007 473 4070 artis
517 4006 726 4070 bonae
771 4004 1011 4068 famam
1054 4002 1367 4086 quaerit«

484 4108 629 4175 Viri
686 4109 895 4182 docti,
958 4105 1114 4190 quid
1170 4105 1251 4169 ad
1311 4108 1553 4191 scripta
1599 4105 1864 4171 Sallusti
1924 4101 2417 4189 interpretanda
2461 4119 2594 4161 sese

310 4213 754 4290 contulerunt,
830 4213 1028 4278 verba
1091 4210 1350 4292 »aliquo
1419 4212 1727 4294 negotio«
1796 4211 1875 4275 ad
1936 4229 2155 4274 vocem
2217 4205 2593 4267 »intentus«

309 4317 636 4401 pertinere
679 4319 955 4400 negant;
1003 4315 1372 4379 »intentus«
1421 4316 1592 4379 enim
1639 4336 1768 4379 non
1799 4314 2104 4396 conjungi
2143 4328 2290 4373 oum
2313 4304 2595 4370 ablativo

2070 4415 2144 4470 5*

22 4612 237 4761 1
310 4560 321 4565 x
