3000 4792
1171 371 1188 386 ⁶
1258 287 1573 400 0⁴”vnfiz

1181 401 1199 420 0
1303 395 1480 458 ::··⁴,

347 463 462 549 qui
518 486 652 530 non
712 406 961 560 modo
958 449 1175 531 rerun‘i
1189 433 1656 539 ‘Romanarum
1714 463 2236 530 florentissimum
2300 467 2625 531 auctorem

349 569 542 634 fuisse
586 542 962 661 Sallusffiijm
988 545 1365 664 praedicat
1377 540 1682 670 (rai-1113
1732 568 1839 656 30)
1901 571 1966 633 et
2020 591 2373 634 sermonem
2434 591 2619 634 suum

351 674 432 739 ad
457 674 708 739 dicendi
730 696 857 759 quo
889 643 1005 740 ille
1044 696 1192 739 usus
1215 673 1423 738 fuerat
1447 695 1652 759 genus
1681 674 2120 739 accommodat
2145 673 2260 738 cfr.
2286 672 2623 737 Woelfflin

350 778 420 843 in
468 778 701 843 Philol.
747 781 871 845 vol.
918 779 1154 857 XXVI,
1200 803 1263 864 p.
1310 780 1431 843 122
1477 781 1640 856 cet.;
1687 779 1798 843 sed
1842 779 2055 856 etiam,
2101 800 2229 862 quo
2274 777 2625 843 studiosius

352 905 499 948 eum
566 885 897 969 amplexus
961 886 1090 963 est,
1160 905 1235 949 eo
1301 884 1542 967 majore
1600 884 1737 968 ipse
1807 883 2079 946 eminuit
2143 885 2300 947 arte.
2405 882 2622 966 Atque

350 1009 740 1073 quamquam
799 989 1193 1052 Frontonem
1266 1011 1554 1073 quoque,
1618 987 1697 1052 A.
1760 986 2068 1064 Gellium,
2136 986 2209 1050 L.
2256 984 2623 1072 Apulejum,

350 1091 828 1177 Hegesippum,
910 1091 1423 1177 Exuperantium
1487 1091 1627 1178 (cfr.
1692 1091 1991 1156 Bursiani
2070 1091 2270 1156 libell.
2342 1092 2621 1156 academ.

351 1195 570 1261 Turici
618 1198 815 1282 1868)
875 1218 1079 1282 genus
1136 1198 1388 1264 dicendi
1434 1197 1895 1262 Sallustianum
1938 1198 2202 1261 minime
2264 1197 2623 1282 despexisse

350 1302 688 1386 permultis
727 1302 1054 1367 illustrare
1101 1324 1436 1387 possumus
1464 1304 1791 1386 exempliS,
1837 1305 2055 1366 tamen
2088 1305 2353 1387 propter
2383 1303 2625 1367 studio-

350 1429 494 1471 rum
538 1411 909 1472 nostrorum
954 1409 1272 1473 rationem
1317 1429 1446 1471 non
1492 1408 1908 1490 respiciemus
1952 1409 2079 1471 nisi
2110 1406 2381 1472 Lucium
2411 1407 2624 1493 Septi-

350 1512 579 1589 mium,
649 1513 763 1596 qui
820 1534 1117 1596 graecam
1173 1533 1239 1576 se
1283 1511 1539 1594 Dictyis
1600 1510 1920 1574 Cretensis
1986 1511 2408 1595 ephemenida
2471 1512 2626 1578 belli

349 1615 621 1700 Trojani
679 1616 748 1680 in
806 1616 1090 1698 linguam
1144 1616 1413 1678 latinam
1458 1614 1859 1677 transtulisse
1905 1613 2060 1677 dicit
2102 1615 2172 1678 in
2219 1616 2495 1698 epistola
2538 1615 2624 1680 ad

347 1719 656 1796 Quintum
683 1721 1001 1805 quendam
1032 1719 1364 1800 Aradium,
1413 1719 1684 1803 prologo
1723 1718 1976 1803 totique
2021 1740 2234 1783 rerum
2264 1722 2623 1786 narrationi

348 1826 651 1910 praefixa.
739 1825 945 1900 Quam
987 1824 1328 1909 epistolam
1372 1844 1505 1886 non
1552 1821 1834 1906 ejusdem
1877 1822 2208 1906 scriptoris
2249 1844 2384 1886 esse
2427 1826 2620 1907 atque

347 1929 688 2014 prologum
721 1929 870 1994 inde
918 1930 1142 2006 elucet,
1191 1927 1363 2011 quod
1397 1928 1464 1991 in
1494 1927 1787 2011 partibus
1820 1926 2203 2010 quibusdam
2231 1929 2623 1993 narrationis

348 2036 623 2099 alterum
691 2034 1090 2120 prooemium
1151 2034 1234 2097 ab
1279 2034 1482 2098 altero
1527 2033 1807 2109 recedit3
1869 2033 1979 2097 sed
2023 2035 2240 2097 utrum
2285 2032 2621 2119 epistolam

347 2138 526 2223 prius
568 2140 737 2205 idem
781 2161 1005 2205 verum
1050 2137 1490 2223 ephemeridos
1536 2138 1937 2223 prooemium
1979 2138 2327 2202 habeamus
2361 2161 2447 2203 an
2477 2161 2625 2224 pro-

342 2244 598 2330 logum,
662 2245 956 2330 equidem
1000 2244 1347 2329 dijudicare
1391 2266 1524 2308 non
1566 2245 1787 2308 ausim.
1877 2243 1954 2308 In
2000 2244 2343 2328 prooemiis
2386 2247 2622 2325 autem,

246 2386 271 2407 ..
351 2371 740 2432 quamquam
783 2349 1097 2414 nonnulla
1139 2350 1314 2414 varie
1358 2352 1727 2426 narrantur,
1775 2351 2201 2431 congruenter
2226 2351 2446 2413 tamen
2489 2350 2624 2412 tra-

350 2453 525 2518 ditur
613 2454 813 2519 Dictn
897 2453 1279 2518 Cretensem·
1346 2453 1586 2517 bellum
1654 2452 2037 2536 Trojanum,
2121 2452 2225 2516 cui
2295 2451 2622 2517 Idomenei

347 2578 560 2622 comes
597 2558 986 2638 interfuerit,
1030 2558 1233 2622 literis
1260 2557 1521 2622 Punicis
1566 2557 1971 2640 descripsisse
2015 2557 2278 2639 ejusque
2324 2578 2504 2640 opUS,
2550 2557 2621 2621 in

347 2660 640 2744 sepulcro
685 2663 1055 2745 inventum,
1115 2662 1425 2746 jussuque
1473 2659 1756 2725 Caesaris
1799 2661 1869 2724 in
1912 2681 2215 2745 graecum
2260 2682 2619 2725 sermonem

344 2787 719 2830 conversum
765 2788 920 2831 esse.
1008 2766 1101 2830 Ut
1142 2788 1291 2831 vero
1337 2766 1409 2829 in
1438 2768 1726 2849 tempore
1758 2768 1960 2829 artem
1983 2766 2309 2849 nesqiendi
2332 2787 2624 2832 exercere

347 2868 569 2933 utilius
630 2873 762 2950 est,
845 2892 1034 2953 quam
1109 2872 1484 2952 arroganter
1548 2871 1793 2933 incerta
1873 2869 2160 2953 proferre
2240 2871 2622 2954 prolataque

345 2971 712 3054 defendere,
772 2975 867 3038 ita
926 2975 1042 3039 nos
1098 2996 1355 3058 quoque
1400 2973 1632 3057 Dictys
1696 2974 1805 3038 ille
1864 2974 2009 3057 quis
2068 2972 2263 3040 fuerit
2318 2975 2622 3059 ignorare

344 3077 625 3142 libenter
703 3078 1000 3144 fatemur.
1114 3077 1281 3154 Quid
1360 3079 1533 3162 quod
1603 3078 1942 3162 Dungerus
2030 3077 2155 3159 (die
2229 3077 2394 3164 Sage
2475 3102 2622 3146 vom

345 3182 856 3269 Trojan-Kriege
900 3185 972 3249 in
1016 3185 1138 3249 den
1169 3184 1691 3269 Bearbeitungen
1734 3184 1843 3248 des
1864 3183 2278 3251 Mittelalters
2320 3187 2453 3251 und
2481 3186 2623 3251 ihre

345 3287 613 3350 antiken
665 3286 966 3364 Quellen,
1032 3311 1095 3371 p.
1145 3289 1251 3369 18)
1317 3288 1760 3372 ephemerida,
1828 3289 2133 3372 quoniam
2181 3290 2362 3357 nulla
2406 3290 2623 3373 graeci

346 3390 625 3474 exempli
668 3393 925 3454 exstant
968 3393 1265 3475 vestigia,
1328 3413 1561 3477 graeca
1606 3392 1825 3474 lingua
1866 3414 2151 3475 unquam
2195 3395 2623 3478 conscriptam

346 3491 540 3557 fuisse
607 3514 869 3579 prorsus
936 3497 1164 3579 negat,
1229 3496 1422 3578 idque
1491 3516 1568 3558 ea
1635 3496 2036 3578 potissimum
2098 3497 2175 3560 de
2220 3518 2409 3561 causa
2452 3504 2625 3564 recte

346 3599 644 3663 statuisse
691 3598 973 3679 videtur,
1041 3599 1214 3682 quod
1270 3598 1630 3664 sententiae
1678 3599 1974 3681 dictaque
2019 3599 2411 3665 Sallustiana
2454 3602 2624 3667 haud

344 3729 492 3773 raro
540 3710 950 3793 repetuntur,
1013 3730 1177 3792 quae
1223 3706 1558 3792 Septimio,
1621 3708 1676 3771 si
1722 3729 2019 3793 graecam
2063 3710 2382 3793 quandam
2428 3713 2627 3798 ephe-

345 3813 589 3877 merida
632 3813 702 3876 in
746 3813 1029 3894 linguam
1073 3812 1345 3877 latinam
1388 3811 1739 3879 transferre
1784 3813 2122 3896 debuisset,
2166 3819 2241 3879 ut
2269 3819 2628 3884 narrationi

345 3938 497 3981 suae
551 3917 892 3994 insereret,
958 3939 1278 4002 nusquam
1338 3917 1729 4000 contigisset.
1821 3918 1946 3984 Sed
1991 3942 2250 4004 quoquo
2294 3923 2483 3988 modo
2526 3944 2628 3990 res

346 4043 413 4086 se
456 4020 670 4102 habet,
715 4021 781 4086 id
823 4043 1086 4107 prorsus
1129 4025 1378 4089 certum
1422 4043 1557 4087 esse
1603 4022 1876 4101 videtur,
1936 4024 2123 4088 illum
2168 4027 2280 4109 qui
2323 4025 2629 4095 historiae

345 4114 522 4194 illius
578 4131 805 4193 auctor
865 4133 994 4208 est,
1049 4131 1182 4196 sive
1226 4131 1684 4217 grammaticus
1742 4133 1874 4225 sive
1921 4132 2196 4215 quilibet
2239 4134 2432 4213 alius,
2499 4159 2627 4221 quo

345 4234 552 4317 magis
613 4233 808 4298 fidem
865 4232 1138 4314 faceret,
1197 4235 1414 4301 dedita
1458 4257 1654 4320 opera
1711 4236 2011 4301 tenebras
2077 4237 2203 4301 sibi
2269 4239 2627 4306 obduxisse.

344 4333 496 4399 Jam
551 4336 628 4400 de
690 4339 1025 4422 scripto-ris
1086 4340 1224 4424 ejus
1244 4389 1259 4419 ,
1328 4341 1440 4425 qui
1504 4362 1741 4405 nomen
1808 4342 1932 4407 sibi
2001 4341 2251 4407 addidit
2309 4343 2627 4430 Septimii,

343 4439 553 4507 aetate
594 4436 841 4505 certum
885 4441 1198 4526 judicium
1239 4445 1590 4532 prolaturis
1634 4445 1796 4513 duae
1840 4446 2269 4533 respiciendae
2308 4448 2606 4516 videntur
