3000 4792
1477 147 1566 215 40

599 314 752 383 Sall.
799 315 939 385 Cat.
1352 319 1534 389 Dict.
1565 321 1682 387 Gr.
2170 317 2238 386 S.
2282 317 2433 387 Sev.

387 472 570 530 nando
641 475 824 531 locum
899 482 1135 550 ceperat,
1154 482 1412 550 ceperat,
1497 479 1727 539 caedere
1796 481 1903 537 sin·

391 562 515 601 eum
555 548 936 620 ..tegebat
1159 552 1313 619 gulos

429 618 483 685 3)
520 586 857 675 Catilina..
893 662 907 677 .
956 637 1135 691 reper-
1191 624 1270 680 IV
1308 627 1341 679 3
1389 622 1790 693 Penthesileam
1825 624 1901 680 vi-

390 692 478 743 tus
515 694 615 757 est,
653 691 935 760 paululum
971 695 1136 748 etiam
1155 711 1274 748 sere
1343 695 1669 753 seminecem
1735 695 1901 751 etiam

391 761 601 830 spirans
638 762 1001 832 ferociamque
1022 765 1135 818 ani·
1153 782 1298 820 nuuc
1386 766 1749 837 admiratique
1835 784 1903 823 au

390 832 471 888 mi
493 850 656 901 quam
678 834 946 890 habuerat
967 837 1134 908 vivos,
1156 838 1370 894 daciam

390 904 451 958 in
483 904 636 959 voltu
669 907 909 962 retinens

378 984 383 987 “
426 975 485 1044 8)
519 977 679 1030 multi
711 981 926 1044 autem,
976 978 1069 1047 qui
1105 995 1136 1032 e
1958 981 2046 1037 CI
2077 986 2160 1050 16,
2182 982 2215 1037 5
2242 988 2460 1053 postero
2485 986 2677 1038 autem

391 1048 630 1103 caetris.
694 1050 1136 1119 .Ῑ>ι·οοθεεοι·ω1;,
1923 1053 2013 1109 die
2070 1056 2512 1113 animadvertunt
2570 1055 2676 1125 qui

396 1157 412 1174 .
450 1120 903 1191 ..reperiebant
1130 1214 1133 1227 Α
1807 1173 1809 1175 ,
1921 1130 2077 1253 ξέἑιὲε.
2148 1132 2325 1183 caetra
2394 1142 2679 1198 processe-

565 1906 740 1977 Haec
785 1906 1113 1999 sufficiant
1155 1907 1235 1974 ad
1270 1929 1476 1995 genus
1504 1910 1887 1976 imitationis
1914 1911 2180 1978 Sallusti
2219 1914 2676 1980 illustrandum

386 2002 713 2098 'certisque
759 2011 1273 2099 adumbrandum
1316 2007 1574 2080 finibus.
1668 2015 1887 2099 Atque
1931 2018 2045 2082 ubi
2077 2019 2293 2083 omnia
2324 2041 2486 2104 quae
2518 2041 2672 2095 conr

386 2118 664 2183 tulimus
740 2118 1127 2204 perscrutati
1201 2119 1470 2200 erimus,
1556 2119 1939 2205 Septimium
2008 2122 2196 2207 plura
2266 2145 2301 2188 e
2369 2123 2674 2189 Sallustio

388 2223 737 2307 ,sumpsisse
783 2245 976 2308 quam
1007 2220 1310 2290 Severum
1357 2225 1836 2292 concedendum
1864 2226 2006 2292 erit.
2098 2226 2395 2293 Ceterum
2418 2228 2671 2294 nullum

395 2328 530 2393 fere
575 2325 840 2410 Sallusti
879 2331 1077 2412 caput
1118 2329 1538 2407 inveniemus,
1586 2331 1746 2415 quin
1789 2353 1868 2395 ex
1911 2352 1987 2396 eo
2030 2332 2284 2417 saepius
2309 2334 2511 2419 ipsius
2534 2332 2679 2399 Sal.-

395 2420 551 2498 lusti
595 2435 812 2517 verba,
852 2436 1044 2519 certe
1089 2434 1308 2499 tamen
1352 2434 1881 2516 constructioneS,
1929 2425 2283 2501 sententias
2328 2458 2674 2523 earumque

399 2560 620 2618 nexuS‚
681 2538 992 2603 formulas
1036 2537 1522 2633 locutionesque
1567 2539 1650 2603 ab
1694 2539 2134 2605 imitatoribus
2179 2542 2280 2606 vel
2324 2538 2528 2608 altero
2574 2543 2678 2607 vel

397 2650 674 2733 utroque
719 2647 1032 2712 translata
1074 2668 1209 2721 esse
1254 2647 1733 2745 perspiciamus.
1827 2647 2109 2721 Tantum
2154 2640 2339 2715 enim'
2359 2652 2560 2729 abest,
2605 2652 2679 2715 ut

396 2773 597 2836 genus
648 2752 808 2817 illud
872 2752 1254 2821 imitationis
1304 2752 1575 2827 ‚anxium
1629 2754 1697 2817 et
1757 2752 2063 2836 pusillum
2120 2774 2254 2819 esse
2298 2757 2675 2832 statuamus,

397 2859 473 2921 ut
529 2878 691 2941 quae
737 2878 771 2921 e
829 2855 1119 2921 fontibus
1166 2856 1575 2920 Sallustianis
1619 2856 1908 2921 derivata
1949 2859 2132 2939 sunt,
2199 2858 2358 2924 haec
2404 2859 2681 2944 amplifi-

399 2964 572 3044 cata,
634 2962 746 3026 illa
790 2963 1151 3039 contracta,
1212 2960 1377 3025 nihil
1415 2982 1550 3025 non
1595 2962 2010 3026 immutatum
2055 2983 2189 3029 esse
2234 2963 2518 3028 dicamus
2563 2963 2677 3028 cfr.

398 3066 830 3132 Dederichum
875 3067 945 3130 in
987 3065 1470 3157 intruductione
1518 3089 1583 3150 p.
1629 3065 1930 3151 XXXVI„
1986 3065 2292 3151 Bernays.
2340 3067 2418 3132 de
2457 3066 2677 3132 chron.

399 3169 462 3235 S.
511 3169 653 3236 Sev.
722 3193 784 3254 p.
853 3169 956 3234 30.
1048 3168 1222 3243 Quae
1287 3159 1676 3255 quamquam
1739 3172 1809 3261 in
1874 3173 2220 3255 utrumque
2286 3164 2681 3247 imitatorem

398 3277 636 3354 valent,
681 3274 1104 3340 nihilominus
1147 3278 1367 3357 tamen
1413 3276 1584 3342 inter
1627 3297 1735 3340 eos
1765 3277 2107 3341 discrimen
2135 3276 2454 3359 quoddam
2482 3276 2681 3338 inter-

400 3380 620 3446 cedere
709 3380 937 3464 negari
1017 3401 1151 3443 non
1230 3381 1466 3465 potest.
1582 3380 1930 3465 Septimi-us
2009 3381 2181 3461 enim
2246 3379 2675 3449 urbanitatem

400 3483 666 3551 Sallusti
713 3484 924 3549 minus
968 3487 1294 3569 assecutus
1339 3485 1662 3570 permulta
1704 3506 1871 3568 quae
1914 3485 2025 3549 ille
2069 3485 2397 3566 eleganter
2428 3503 2680 3568 expres-

400 3576 606 3668 serat,
664 3588 903 3653 insulse
963 3610 1037 3654 ac
1081 3590 1280 3654 veluti
1324 3610 1536 3657 crasso
1581 3587 1859 3672 quodam
1904 3587 2054 3651 stilo
2101 3586 2171 3650 in
2215 3585 2498 3652 deterius
2543 3608 2681 3652 mu-

399 3695 565 3761 tavit
622 3692 738 3758 cfr.
808 3692 944 3759 Cat.
995 3695 1110 3773 31,
1179 3684 1229 3757 8'
1282 3695 1351 3762 et
1403 3691 1574 3761 Dict.
1635 3689 1736 3756 Cr.
1798 3689 1868 3759 ΙΙ
1921 3690 2026 3754 24.
2134 3689 2227 3761 At
2285 3693 2511 3757 contra
2569 3689 2680 3759 See-

399 3819 586 3864 verus
645 3818 774 3883 quo
834 3797 1077 3882 majore
1124 3794 1250 3883 fuit
1295 3795 1529 3862 mentis
1573 3795 1867 3860 acumine
1912 3798 1979 3860 et
2022 3794 2382 3861 subtilitate
2436 3795 2679 3880 judicii,

401 3925 478 3969 eo
523 3903 731 3988 magis
770 3902 1044 3967 virtutes
1090 3900 1354 3987 Sallusti
1388 3903 1466 3976 -et
1527 3900 1854 3987 perspexit
1896 3903 1962 3969 et
2003 3901 2143 3986 ipse
2185 3900 2523 3985 amplexus
2567 3900 2680 3971 est.

573 4005 908 4073 Veriorem
967 4007 1228 4089 quidem
1283 4006 1671 4072 imitationis
1741 4005 2088 4091 imaginem
2143 4005 2361 4071 nescio
2422 4027 2508 4070 an
2565 4024 2680 4070 usu

403 4111 661 4178 dicendi
705 4110 1107 4195 Septimiano
1158 4114 1233 4177 eet
1278 4110 1627 4177 Severiano
1672 4131 1821 4188 cum
1863 4110 2333 4185 consuetudine
2375 4109 2683 4175 sermonis

400 4215 774 4281 Sallustiani
830 4212 1067 4279 eollato
1129 4216 1488 4301 exprimere
1555 4215 1904 4301 possimus,
1969 4215 2065 4279 ita
2105 4213 2281 4278 enim
2326 4212 2683 4279 imitatores

396 4318 837 4404 compluribus
874 4314 950 4382 ‘in
991 4317 1201 4424 rebus·
1214 4341 1362 4409 ⁴:gion
1396 4319 1623 4423 ‘mimi-¹1³
1663 4319 1751 4407 ab
1790 4339 1916 4405 usu
1932 4317 2338 4420 {Sauuzssssffiemff
2383 4317 2678 4421 decedere
