3000 4792
1506 186 1591 251 58

397 353 882 436 aspernabatur.
977 353 1035 433 5,
1083 354 1124 417 5
1190 355 1455 419 animus·
1499 356 1827 441 cupiebat.
1916 358 2021 438 20,
2068 360 2109 423 3
2168 359 2424 425 animus
2482 382 2675 426 ausus

399 458 514 519 est.
606 458 711 535 31,
770 457 814 522 4
878 458 1132 522 animus
1200 459 1519 523 movebat.
1611 459 1690 523 51
1713 508 1729 538 ,
1798 462 1836 523 2
1905 462 2156 526 animus
2219 464 2501 547 providit
2561 464 2684 550 (sic

401 561 570 624 enim
617 561 699 625 ad
728 563 1217 648 congruentiam
1246 583 1390 628 cum
1416 566 1712 649 proximo
1744 563 2031 649 perfecto
2053 569 2353 651 gnomico
2384 570 2680 653 »paruit«

398 667 863 734 restituendam
921 667 1330 733 scribendum
1390 669 1692 748 videtur).
1801 668 1950 754 Jug.
2010 673 2126 750 22,
2193 673 2234 736 3
2300 694 2430 757 quo
2497 675 2684 758 plura

401 773 660 836 strenue
716 770 972 838 fecisset
988 820 1006 851 ,
1054 784 1143 837 'eo
1184 772 1472 837 animum
1519 773 1731 837 minus
1774 774 2070 839 tolerare.
2162 776 2267 856 31,
2328 775 2372 840 4
2429 777 2684 841 animus

400 873 666 959 subigit.
774 875 889 954 54,
952 875 996 940 4
1070 896 1199 958 quo
1265 876 1575 961 cujusque
1642 877 1895 942 animus
1959 876 2120 957 fert,
2186 898 2264 943 eo
2329 878 2684 945 discedunt.

401 977 615 1061 Igitur
683 1000 831 1043 cum
898 979 1176 1044 activam
1250 980 1427 1044 vocis
1498 980 1830 1045 ›animus‹
1916 982 2310 1045 structuram
2372 981 2684 1049 Sallustio

402 1079 972 1148 familiarissimam
1038 1104 1173 1148 esse
1226 1084 1475 1148 eluceat
1492 1132 1509 1163 ,
1574 1084 1765 1150 lectio
1816 1086 2108 1152 »animus
2135 1086 2483 1175 rapiebat<
2532 1107 2686 1152 con-

403 1187 727 1251 suetudini
794 1188 1143 1273 scriptoris
1226 1210 1489 1273 prorsus
1552 1190 1873 1254 convenit.
1985 1179 2164 1264 Quae
2223 1190 2543 1276 scriptura
2609 1214 2687 1258 eo

403 1313 659 1375 quoque
704 1290 1055 1377 efflagitari
1100 1292 1375 1372 videtur,
1419 1294 1594 1378 quod
1639 1292 1992 1378 Septimius

739 1399 774 1464 I
816 1400 860 1465 4
907 1403 1013 1465 »et
1056 1422 1448 1484 quamquam
1491 1402 1804 1467 atrocitas
1847 1400 2003 1466 faeti
2044 1402 2124 1467 ad
2169 1402 2683 1487 indignationem

750 1507 1086 1591 ultumque
1143 1508 1417 1592 injurias
1470 1509 1795 1593 rapiebat,
1860 1511 2080 1574 tamen
2121 1530 2202 1574 ex
2246 1510 2499 1574 consilii
2542 1530 2687 1577 sen-

743 1612 952 1675 tentia
991 1612 1299 1697 legantur
1343 1613 1522 1697 prius
1566 1613 1649 1679 ad
1694 1613 1955 1698 Trojam
2001 1612 2076 1678 P.
2122 1612 2227 1678 Ul.
2271 1618 2342 1679 et
2383 1613 2514 1678 M...

402 1712 684 1795 ejusdem
753 1715 932 1779 verbi
1002 1737 1308 1800 ›rapere‹
1379 1717 1594 1782 activo
1662 1738 1899 1802 genere
1967 1718 2192 1782 utitur.
2301 1716 2685 1803 Septimium

405 1818 640 1895 autem,
706 1840 834 1902 qua
873 1820 945 1883 in
988 1819 1304 1885 imitando
1350 1818 1658 1887 Sallustio
1705 1822 1949 1887 versari
1994 1821 2162 1887 solet
2205 1821 2564 1907 diligentia,
2630 1823 2685 1887 si

410 1921 703 1986 »animus
746 1922 1159 2008 rapiebatur«
1206 1923 1291 1988 ab
1335 1944 1410 1988 eo
1453 1925 1769 2010 scriptum
1815 1925 2096 2011 legisset,
2147 1927 2254 1989 »et
2296 1946 2682 2009 quamquam

403 2025 745 2090 atrocitate
810 2027 1069 2092 sceleris
1126 2073 1143 2090 .
1186 2076 1203 2091 .
1256 2076 1271 2093 .
1337 2029 1796 2113 rapiebantur«
1860 2028 2255 2113 scripturum
2313 2027 2507 2093 fuisse
2567 2051 2686 2114 pro

403 2132 582 2194 certo
623 2129 951 2196 habemus.

574 2233 804 2318 Neque
847 2256 1107 2320 prorsus
1123 2236 1419 2303 dissimili
1447 2237 1702 2301 ratione
1725 2236 2063 2321 proximus
2093 2237 2270 2301 loeus
2301 2235 2678 2302 tractandus

405 2336 678 2403 videtur.

1328 2474 1373 2541 J
1375 2497 1476 2560 ug.
1526 2476 1632 2557 39,
1678 2475 1738 2540 5.

578 2655 802 2721 Sermo
845 2661 943 2722 est
986 2659 1065 2725 de
1093 2658 1329 2745 Spurio
1354 2659 1616 2738 Albine,
1660 2659 1843 2743 cujus
1885 2656 2149 2724 fratrem
2183 2657 2419 2722 Aulum
2449 2657 2685 2722 Postu-

405 2761 606 2825 mium
648 2760 976 2845 «Iugurtha
1017 2765 1262 2829 vicerat
1306 2766 1674 2847 victumque
1719 2763 1982 2827 miserat
2025 2762 2147 2827 sub
2185 2764 2438 2846 jugum.

580 2864 970 2949 »Postquam
1032 2889 1109 2932 eo
1165 2868 1258 2952 (in
1306 2865 1624 2953 Africam)
1667 2866 1851 2931 venit
1868 2913 1885 2944 ,
1950 2886 2339 2950 quamquam
2387 2867 2686 2950 persequi

403 2969 448 3035 J
449 2969 797 3055 ugurtham
838 2973 906 3036 et
947 2972 1186 3037 mederi
1230 2972 1556 3036 fraternae
1586 2970 1867 3036 invidiae
1888 2970 2105 3034 animo
2131 2968 2417 3047 ardebat,
2461 2970 2689 3054 cogni-

405 3072 490 3137 tis
535 3073 870 3153 militibus,
915 3096 1075 3158 quos
1121 3077 1374 3161 praeter
1415 3074 1633 3159 fugam
1677 3075 1893 3140 soluto
1921 3074 2172 3158 inperio
2202 3073 2466 3139 licentia
2491 3076 2687 3158 atque
2754 3066 2760 3071 ⁹

404 3177 668 3242 lascivia
710 3183 1101 3263 conruperat
1115 3229 1131 3261 ,
1192 3200 1272 3246 ex
1331 3180 1519 3265 copia
1578 3200 1797 3245 rerum
1856 3178 2087 3244 statuit
2130 3176 2257 3243 sibi
2315 3177 2484 3242 nihil
2547 3179 2689 3263 agi-

407 3281 735 3346 bandum«

576 3384 719 3450 Hoc
780 3386 922 3451 loco
940 3437 955 3467 ,
1016 3409 1406 3472 quamquam
1467 3387 1701 3472 optimi
1752 3386 1906 3451 libri
1968 3386 2325 3481 ablativum
2387 3383 2682 3448 »animo«

406 3487 575 3551 tueri
616 3489 945 3567 videntur3
1003 3490 1468 3556 consuetudine
1511 3493 1733 3554 tamen
1779 3487 2176 3555 Sallustiana
2218 3486 2688 3554 nominativum

277 3671 281 3675 ,
413 3593 768 3676 »animus«,
811 3594 923 3679 qui
968 3595 1226 3679 quidem
1271 3596 1340 3659 in
1384 3596 1571 3660 libris
1616 3594 1947 3659 nonnullis
1975 3594 2327 3672 invenitur,
2374 3592 2687 3677 postulari

405 3716 485 3760 ex
539 3697 639 3777 iis,
695 3717 859 3782 quae
916 3719 1116 3782 supra
1157 3698 1553 3763 contulimus
1597 3697 1929 3783 exemplis,
1976 3698 2169 3782 plane
2212 3697 2440 3762 elucet.
2532 3695 2689 3771 Qui-

407 3800 527 3865 bus
572 3799 791 3866 Severi
836 3802 1186 3868 imitatoris
1230 3803 1546 3869 accedunt
1588 3802 1778 3867 haec:
1826 3796 1897 3866 C.
1941 3800 1973 3865 I
2016 3802 2078 3880 4,
2126 3802 2168 3865 3
2212 3801 2509 3886 persequi
2552 3802 2690 3865 ani-

407 3926 551 3969 mus
615 3926 747 3970 non
811 3905 968 3986 fuit,
1032 3906 1104 3972 C.
1150 3908 1182 3973 I
1229 3909 1331 3989 10,
1390 3908 1428 3973 7
1492 3910 1744 3973 animus
1802 3905 2213 3971 abhorrebat.
2302 3904 2370 3970 C.
2418 3905 2452 3970 I
2503 3906 2602 3983 14,
2649 3906 2691 3969 6

407 4009 661 4074 animus
703 4032 836 4075 non
881 4013 1271 4096 patiebatur,
1317 4011 1385 4078 C.
1432 4011 1500 4077 11
1536 4012 1639 4090 12,
1683 4012 1727 4076 4
1769 4009 2083 4075 barbarus
2125 4010 2381 4075 animus
2424 4030 2693 4075 uxorem

408 4114 820 4179 matrimonio
867 4136 943 4180 ac
985 4119 1167 4201 regia
1209 4116 1497 4201 depellit,
1542 4114 1631 4181 M.
1663 4115 1769 4194 25,
1818 4115 1857 4178 2
1902 4115 2173 4180 ardebat
2199 4115 2456 4179 animus
2493 4114 2694 4180 vitam

407 4215 582 4279 illius
627 4216 923 4283 scribere.
1013 4219 1319 4286 Severum
1364 4221 1600 4298 autem,
1646 4240 1838 4305 quem
1884 4220 2094 4284 locum
2140 4218 2218 4284 de
2264 4240 2395 4302 quo
2439 4218 2693 4304 agimus

404 4317 732 4384 imitatum
783 4342 919 4388 esse
961 4344 1025 4408 p.
1074 4325 1157 4390 18
1198 4322 1680 4403 illustravimus,
1726 4324 1796 4389 in
1841 4322 1976 4388 vita
2018 4322 2227 4388 sancti
2271 4321 2542 4388 Martini
