3000 4792
1417 194 1506 260 27

505 369 657 436 Sall.
704 369 750 436 J
750 390 857 456 ug.
1280 366 1473 435 Dictq
1498 365 1599 432 Or.
2085 365 2150 433 S.
2203 364 2351 433 Sev.

306 534 440 592 nino
493 531 673 587 facere
727 534 820 586 aut
875 527 1050 600 provi·
1071 529 1396 585 instantibus
1432 544 1609 597 neque
1633 526 1840 594 dogm?

307 609 441 663 dere
464 606 749 674 quicquam
779 605 1051 674 poterant,
1073 602 1129 656 di
1183 604 1299 657 sine
1347 601 1592 672 pernicie
1646 617 1821 669 neque

306 681 389 734 ita
438 683 660 733 cunctos
720 715 734 730 .
782 715 799 730 .
854 674 1054 729 nostris
1076 692 1227 729 arma
1310 690 1506 744 capere
1589 672 1823 727 turbatis

305 750 649 814 instantibus,
685 747 923 801 tumultu
950 746 1056 799 for·
1077 746 1328 801 omnibus
1359 750 1415 801 et
1447 746 1519 801 ob
1550 743 1608 797 id
1629 749 1825 799 cuncta

307 823 514 879 midine
586 819 744 890 quasi
801 818 1053 875 vecordia
1076 818 1498 890 impedientibus
1533 820 1759 886 possent.

309 896 529 965 ceperat

627 966 751 1018 100.

349 1038 402 1108 1)
439 1051 611 1104 neque
628 1039 813 1087 tamen
826 1030 1056 1087 victoria
1878 1036 1921 1092 c
1957 1035 2010 1091 11
2040 1033 2125 1100 15,
2162 1034 2198 1088 8
2232 1030 2387 1087 ferox
2402 1028 2588 1085 multis

307 1126 494 1167 socors
515 1111 608 1163 aut
628 1107 866 1160 insolens
886 1103 1058 1157 factus
1154 1144 1160 1151 .
1842 1108 2110 1175 victoriis,
2167 1105 2304 1160 nihil
2356 1103 2465 1158 sibi
2509 1100 2591 1156 in-

1844 1182 2047 1237 victum
2081 1181 2233 1234 ratus

347 1251 400 1320 3)
436 1249 662 1306 laudare
697 1251 754 1302 et
778 1247 1058 1314 increpare
1114 1244 1192 1301 VI
1227 1245 1260 1298 6
1297 1243 1523 1298 meritos
1550 1241 1708 1298 donis
1730 1247 1824 1297 aut

308 1323 572 1379 merentis
663 1391 731 1442 Ol
1080 1317 1362 1387 suppliciis
1394 1315 1564 1371 afficit

346 1468 403 1538 4)
445 1465 493 1518 si
528 1461 621 1532 qui
654 1460 710 1513 in
748 1475 938 1513 manus
973 1475 1058 1514 ve·
1114 1460 1168 1515 Π
1205 1465 1238 1515 2
1275 1462 1357 1516 uti
1390 1461 1615 1531 quisque
1635 1461 1693 1515 in
1711 1478 1824 1516 ma·

311 1540 524 1606 nerant,
558 1534 882 1589 obtruncare
1078 1549 1177 1657 ιιὲιει
1213 1539 1434 1662 {onerat
1447 1575 1461 1603 ,
1502 1533 1826 1589 interficitur

1079 1621 1109 1657 c
1132 1623 1174 1660 r.
1304 1610 1369 1661 12

353 1681 407 1747 6)
442 1677 572 1732 satis
604 1675 820 1745 inpigre
873 1744 884 1756 ·
1112 1677 1189 1732 IV
1226 1678 1258 1730 5
1297 1678 1428 1733 satis
1462 1678 1681 1748 inpigre

359 1754 414 1819 ¹7)
466 1749 753 1805 atrocitate
808 1761 890 1799 rei
936 1783 950 1799 .
989 1781 1003 1797 .
1042 1783 1056 1797 .
1119 1748 1175 1802 11
1236 1753 1303 1805 41
1377 1751 1670 1806 atrocitate
1741 1749 1824 1804 rei

311 1827 585 1878 terrentur
1077 1824 1260 1875 motus

349 1894 558 1949 animos
595 1890 786 1946 tollere
1112 1892 1193 1945 111
1231 1893 1263 1945 5
1301 1893 1448 1948 tollit
1481 1893 1690 1949 animos
1725 1892 1825 1949 cfr.

1079 1963 1158 2017 111
1197 1966 1249 2027 8,
1284 1964 1333 2022 V
1370 1967 1422 2032 4,
1461 1965 1513 2020 V
1554 1969 1619 2019 10

348 2036 402 2107 8)
440 2033 742 2107 profligatis
787 2046 922 2100 quos
963 2028 1057 2084 ad·
1114 2036 1167 2089 ΙΙ
1221 2039 1253 2090 3
1303 2036 1505 2107 fugatis
1551 2054 1686 2106 quos
1733 2035 1825 2089 ad·

310 2124 530 2164 vorsum
565 2107 703 2160 ierat
1080 2124 1292 2161 versum
1327 2109 1466 2163 ierat
1494 2109 1592 2164 cfr.
1631 2107 1707 2163 IV
1747 2112 1778 2162 3

339 2180 433 2249 10)
459 2178 699 2233 adcurrit
712 2173 910 2230 auxilio
930 2172 1057 2239 suis,
1112 2179 1194 2233 ΙΙΙ
1230 2183 1266 2233 4
1312 2181 1407 2236 ubi
1446 2221 1460 2234 ,
1501 2221 1516 2233 ,
1555 2220 1569 2234 ,
1615 2179 1825 2235 medios

312 2268 447 2321 quos
481 2249 614 2320 pelli
640 2249 756 2319 jam
775 2250 1059 2315 acceperat
1078 2268 1297 2305 suorum
1321 2252 1475 2306 fundi
1497 2252 1715 2321 accipit,
1739 2292 1753 2306 .
1777 2258 1790 2304 2
1812 2290 1825 2304 .

1078 2326 1311 2449 accurrit
1330 2325 1543 2379 auxilio
1576 2325 1826 2379 laboran-

1077 2396 1121 2449 ti
1162 2413 1223 2449 us

362 2466 449 2534 11)
494 2469 614 2519 tum
665 2477 794 2518 vero
848 2461 1054 2529 specta·
1111 2467 1187 2523 IV
1210 2470 1243 2522 '7
1279 2471 1399 2522 tum
1423 2483 1553 2521 vero
1574 2386 1840 2539 cerneres!
1879 2468 1922 2524 G
1967 2467 2023 2522 11
2074 2469 2170 2534 19,
2215 2467 2251 2521 8
2301 2469 2422 2520 tum
2457 2479 2589 2520 vero

311 2539 493 2593 culum
528 2538 587 2590 in
622 2533 831 2603 campis
867 2537 1054 2602 paten-
1079 2539 1204 2593 hinc
1254 2578 1267 2593 ,
1322 2580 1335 2593 ,
1374 2580 1387 2594 ,
1444 2555 1545 2609 per
1603 2555 1822 2592 omnem
1843 2540 2063 2598 foedum
2096 2540 2466 2610 „petaculum

309 2610 483 2664 tibus:
522 2608 674 2677 sequi
710 2607 917 2675 fugere,
966 2618 1054 2656 oc·
1076 2629 1328 2681 campum
1366 2612 1480 2665 sine
1515 2610 1707 2665 ordine
1742 2596 1836 2694 ab}

311 2681 421 2763 cidi
477 2683 633 2748 capi:
697 2678 823 2748 equi
895 2680 1055 2755 atqu?
1075 2700 1179 2752 que
1250 2683 1461 2752 inperio
1552 2682 1835 2781 fugientes}

311 2753 416 2807 Vll'i
471 2752 701 2819 adflictam
770 2766 835 2803 8⁰
897 2747 1056 2801 multl
1077 2755 1419 2810 multitudine
1484 2772 1550 2810 ac
1602 2755 1819 2808 festina-

313 2824 621 2887 VOlnssribUS
634 2822 871 2891 acceptis
883 2835 1055 2887 neque
1075 2828 1224 2881 tione
1268 2829 1412 2881 inter
1459 2843 1517 2880 se
1552 2825 1822 2897 implicari

311 2893 496 2965 fugere
520 2912 677 2963 posse
712 2910 888 2962 neque
913 2891 1056 2961 quie·
1076 2900 1271 2955 cadere
1288 2916 1353 2954 ac
1371 2915 1499 2952 mox
1514 2897 1824 2966 palantibus

312 2970 425 3019 tem
471 2967 603 3036 pati,
654 2966 756 3020 niti
792 2965 957 3027 modo
991 2978 1055 3017 80
1077 2972 1225 3040 equis
1288 2971 1594 3040 proculcari
1614 3012 1628 3040 ,
1695 2969 1823 3023 hinc

309 3040 496 3092 statim
532 3037 816 3092 concidere
856 3076 871 3083 -
1079 3044 1313 3097 Graecos
1350 3046 1439 3096 cet

361 3116 641 3179 postremo
709 3109 892 3162 omnia
953 3126 1058 3178 qua
1111 3115 1420 3168 redundant
1470 3151 1484 3165 .
1524 3149 1539 3164 .
1585 3153 1598 3166 .
1643 3111 1822 3180 campi

311 3181 456 3236 visus
475 3186 608 3245 erat,
639 3185 914 3234 constrata
935 3182 1056 3235 telis
1077 3188 1359 3253 sanguine,
1394 3188 1451 3238 et
1481 3183 1682 3246 omnia.
1716 3200 1822 3251 qua

311 3254 475 3308 armis
563 3251 917 3305 cadaveribus
1002 3260 1054 3306 et
1078 3258 1249 3311 hostis
1284 3257 1601 3322 intraverat,
1655 3255 1821 3309 armis

310 3325 453 3380 inter
489 3340 554 3378 ea
589 3324 785 3377 humus
820 3323 1023 3379 infecta
1076 3336 1238 3398 atque
1282 3327 1637 3383 cadaveribus
1676 3344 1821 3383 com-

309 3398 570 3469 sanguine
628 3469 730 3521 102
1077 3403 1224 3472 pleta
1253 3402 1379 3455 sunt

349 3539 438 3609 13)
465 3541 591 3610 jure
624 3505 758 3593 beni
1877 3541 1920 3597 o
1954 3542 1982 3597 1
2019 3540 2110 3607 53,
2147 3539 2335 3610 3j11r0
2368 3535 2505 3594 beni

369 3681 423 3750 2)
476 3614 747 3751 ᾳυοῐιξιῖιᾶ
784 3685 843 3737 et
920 3681 1052 3736 fides
1875 3686 1933 3741 M
1975 3685 2028 3752 5,
2069 3686 2095 3737 1
2135 3684 2287 3755 cujus
2328 3721 2341 3736 .
2370 3720 2384 3735 .
2420 3720 2433 3735 .
2469 3694 2588 3749 spe·

311 3753 532 3823 cognita
578 3758 636 3807 et
692 3753 914 3824 ingenia
964 3772 1053 3810 va·
1840 3763 1988 3813 ctata
2049 3759 2106 3810 et
2166 3752 2388 3825 cognita
2450 3749 2587 3806 fides

309 3825 591 3881 lidissuma
626 3830 780 3880 erant
1840 3829 2142 3885 habebatur

361 3970 415 4038 Β)
481 3898 745 4025 tomi-2&
760 3972 817 4024 et
887 3967 1052 4025 effuse
1106 3967 1134 4022 1
1189 3969 1258 4024 19
1310 3985 1382 4025 ne
1431 3952 1449 4024 .’
1483 4006 1498 4021 .
1536 4007 1552 4023 .
1601 3970 1819 4027 effusius

309 4045 494 4097 euntes
1073 4056 1138 4094 ac
1190 4040 1306 4096 sine
1368 4042 1536 4098 modo
1592 4045 1820 4101 militiae

621 4114 743 4167 106.
1074 4117 1360 4183 vagaretur
2133 4188 2136 4191 Ι

346 4251 404 4324 2)
436 4254 645 4311 incerto
675 4254 828 4312 voltu
850 4269 1052 4325 pavens
1465 4291 1470 4295 -
1871 4255 1921 4310 D
1946 4254 2029 4310 111
2056 4254 2138 4319 15,
2173 4252 2210 4307 4
2226 4248 2586 4307 trementibus

1834 4327 2369 4456 fflorhoemque
2421 4322 2578 4380 vultu
