3000 4792
1535 220 1618 284 56

611 394 691 459 In
753 392 1097 477 postremis
1143 392 1417 474 denique
1463 389 1730 455 Sallusti
1772 391 1986 455 verbis
2027 390 2300 455 formam
2349 392 2715 470 »exitium«,

441 518 830 581 quamquam
888 497 1283 580 optimorum
1327 496 1622 560 codicum
1667 515 1982 559 consensu
2041 494 2261 559 fulciri
2304 494 2583 575 videtur,
2645 498 2715 560 in

443 607 765 670 »exitum«
826 603 1201 668 mutandam
1259 624 1394 667 esse
1454 603 1869 667 arbitramur.
1957 602 2247 667 Primum
2305 605 2477 669 enim
2533 606 2713 670 nullo

439 709 566 773 alio
612 707 880 774 Sallusti
942 709 1084 772 loco
1150 707 1418 770 exitium
1479 706 1675 771 finem
1735 707 1828 771 rei
1888 706 2160 791 alicujus
2213 708 2541 793 significat
2597 709 2711 774 cfr.

442 811 632 897 ›Jug.
685 813 787 890 70,
852 811 892 877 5
955 810 1321 897 Jugurthae
1385 811 1654 875 exitium
1717 810 1954 875 adesse.
2045 809 2130 874 H.
2173 810 2273 876 III
2316 814 2429 891 61,
2497 814 2576 877 10
2633 813 2714 878 ad

441 917 711 981 exitium
770 936 973 999 usque
1029 915 1304 980 insontis
1364 913 1611 978 tribuni
1653 913 2020 978 dominatus
2063 918 2180 979 est.
2270 914 2353 979 H.
2401 915 2434 981 I
2479 918 2584 995 41,
2630 919 2714 982 25

436 1023 852 1088 turbamenta
905 1020 1300 1105 reipublicae
1360 1021 1556 1102 atque
1612 1019 1809 1082 exitia
1851 1018 2164 1103 probate«
2180 1069 2196 1099 ‚
2264 1021 2498 1104 quibus
2557 1022 2715 1087 locis

437 1126 738 1215 omnibus
795 1124 1061 1189 exitium
1115 1123 1285 1188 idem
1329 1124 1427 1186 est
1470 1124 1666 1204 atque
1730 1122 2074 1206 pernicies,
2140 1124 2242 1189 vel
2284 1127 2357 1187 ut
2399 1125 2712 1196 vocabulo

435 1229 797 1313 germanico
858 1230 1116 1291 utamur
1158 1226 1539 1310 Untergang
1554 1273 1570 1304 ‚
1635 1247 1765 1289 non
1822 1226 2150 1311 Ausgang.
2239 1226 2468 1312 Neque
2526 1230 2715 1296 aliter

435 1335 794 1398 imitatores
849 1351 1071 1396 vocem
1131 1333 1449 1415 usurpant
1493 1329 1605 1394 cfr.
1650 1330 1731 1394 D.
1780 1328 1884 1396 Or.
1926 1330 1957 1394 I
2010 1334 2106 1397 11.
2195 1331 2256 1396 II
2301 1334 2405 1398 29.
2494 1332 2562 1399 II
2606 1337 2711 1400 30.

433 1437 502 1503 II
547 1437 650 1501 31.
741 1435 840 1503 III
886 1436 990 1501 25.
1078 1435 1176 1500 IV
1226 1437 1324 1501 19.
1415 1434 1478 1499 V
1522 1437 1580 1500 6.
1674 1434 1735 1500 V
1780 1435 1839 1498 9.
1946 1434 2009 1500 S.
2057 1434 2201 1502 Sev.
2248 1436 2313 1502 G.
2364 1438 2397 1502 I
2461 1441 2576 1518 16,
2653 1444 2709 1503 1.

432 1541 465 1605 Ι
513 1541 613 1618 17,
680 1542 734 1605 1.
838 1539 870 1602 Ι
916 1539 1019 1617 20,
1083 1541 1140 1604 7.
1229 1538 1260 1602 Ι
1305 1540 1407 1616 27,
1475 1539 1539 1603 4.
1627 1538 1659 1603 Ι
1705 1541 1809 1617 29,
1874 1539 1934 1604 5.
2021 1539 2053 1605 I
2100 1541 2205 1618 33,
2268 1542 2326 1606 8.
2419 1543 2451 1606 Ι
2495 1544 2598 1623 35,
2645 1544 2710 1607 6.

432 1646 464 1709 Ι
524 1645 628 1721 35,
698 1644 755 1707 7.
860 1643 892 1706 Ι
939 1644 1043 1720 38,
1108 1647 1172 1709 8.
1272 1642 1340 1707 ΙΙ
1389 1644 1489 1720 13,
1556 1644 1615 1706 3.
1731 1643 1796 1707 Π
1839 1645 1942 1722 16,
2006 1648 2059 1709 1.
2173 1644 2376 1711 Porro
2442 1645 2712 1713 Severus

429 1749 724 1812 imitator

778 1850 846 1915 O.
892 1850 925 1913 I
970 1851 1074 1926 51,
1137 1853 1174 1911 2
1245 1870 1321 1912 »a
1383 1850 1539 1917 filiis
1596 1850 1973 1915 interfectus
2031 1851 2296 1936 dignum
2353 1875 2421 1918 se
2467 1856 2710 1921 exitum

698 2015 707 2022 .
781 1954 974 2018 tulit«

433 2058 692 2142 scripsit
753 2057 1111 2135 »exitum«,
1179 2078 1312 2121 non
1380 2058 1727 2122 »exitium«
1747 2109 1762 2138 ‚
1832 2080 2222 2145 quamquam
2278 2061 2434 2128 haec
2478 2063 2704 2143 forma,

431 2182 576 2225 cum
631 2161 798 2226 desit
855 2161 1180 2246 genitivus
1249 2160 1497 2225 »vitae«
1517 2210 1532 2239 ‚
1596 2161 1754 2227 ferri
1813 2164 2053 2247 optime
2111 2166 2343 2250 potuit.
2433 2166 2705 2234 Severus

431 2267 646 2329 autem
689 2285 837 2329 cum
881 2264 1008 2328 alio
1050 2263 1193 2328 loco
1240 2262 1336 2349 (O.
1384 2264 1417 2327 Ι
1464 2266 1567 2342 38,
1615 2264 1686 2351 8)
1729 2266 1844 2330 ubi
1889 2268 2069 2331 nulla
2113 2267 2377 2335 Sallusti
2422 2272 2703 2337 imitatio

429 2371 557 2448 est,
621 2367 951 2452 scripserit
998 2386 1103 2431 »se
1161 2367 1423 2449 dignum
1473 2368 1699 2446 exitiO‚
1764 2370 1917 2452 quia
1959 2371 2096 2455 ipse
2141 2377 2502 2456 peccasset«
2523 2422 2539 2453 ‚
2587 2396 2706 2439 su-

430 2474 682 2559 periore
725 2474 866 2537 loco
910 2470 1182 2536 formam
1228 2473 1555 2537 »exitum«
1603 2473 1783 2537 nulla
1824 2475 1903 2539 de
1946 2495 2138 2539 causa
2154 2524 2170 2554 ,
2225 2478 2349 2542 nisi
2393 2482 2468 2544 ut
2510 2480 2706 2545 verba

430 2577 827 2643 Sallustiana
852 2594 1066 2660 quam
1110 2577 1581 2640 accuratissime
1623 2577 1913 2656 referret,
1960 2600 2299 2664 usurpasse
2346 2584 2611 2648 videtur.

600 2681 938 2747 Postremo
999 2681 1166 2745 alter
1220 2681 1512 2746 imitator
1557 2684 1850 2764 quamvis
1891 2686 2172 2749 maxima
2213 2687 2702 2753 insolentiorum

427 2787 771 2851 verborum
850 2785 1259 2849 affectatione
1330 2783 1618 2849 imbutus
1691 2785 1889 2850 fuerit
1913 2838 1929 2866 ‚
1996 2786 2420 2854 nihilominus
2482 2795 2701 2856 tamen

424 2891 579 2955 dicit
621 2888 718 2954 VI
763 2888 844 2953 15
894 2888 1145 2952 »exitus
1188 2888 1397 2952 vitae«
1445 2891 1513 2950 et·
1555 2887 1652 2953 IV
1699 2889 1779 2953 15
1828 2891 2077 2956 »exitus
2135 2894 2442 2971 mortis«,
2508 2896 2699 2978 quod,

428 3014 573 3059 cum
617 2993 833 3057 locum
876 3014 942 3056 se
987 2990 1254 3055 Sallusti
1299 2991 1552 3055 novisse
1598 2990 1740 3075 ipse
1782 2995 2056 3059 testetur
2098 2997 2312 3061 verbis

771 3095 868 3161 IV
912 3097 952 3158 3
1001 3093 1268 3160 »deletis
1304 3085 1518 3179 copiis
1566 3145 1579 3159 .
1633 3144 1646 3157 .
1698 3143 1711 3158 .
1764 3096 1904 3180 ipsa
1947 3100 2382 3182 spectaculum
2426 3102 2702 3187 dignum

769 3198 1058 3263 moribus
1100 3200 1233 3263 suis
1277 3199 1615 3283 praebuit«

423 3324 753 3387 nunquam
813 3302 1129 3380 dixisset‚-
1170 3301 1221 3366 si
1279 3301 1639 3367 obsoletum
1699 3302 1862 3368 illud
1927 3305 2274 3370 ›exitium‹
2322 3308 2393 3372 in
2436 3330 2550 3377 suo
2596 3311 2696 3373 in-

420 3409 698 3471 venisset
762 3405 932 3470 libro
990 3404 1258 3470 Sallusti
1318 3405 1434 3470 cfr.
1498 3404 1654 3469 Otto
1716 3405 1976 3491 Frising
2034 3408 2259 3473 chron.
2303 3410 2369 3475 II
2414 3411 2492 3476 41
2561 3414 2694 3478 »sic

419 3511 683 3573 ultimae
749 3509 1011 3593 reginae
1068 3530 1143 3573 ac
1210 3508 1456 3593 primae
1513 3531 1653 3574 sors
1699 3512 1766 3575 et
1808 3512 2019 3575 exitus
2061 3512 2287 3579 similis
2333 3512 2517 3579 fuit«.
2609 3517 2696 3583 Et

419 3634 810 3698 quamquam
873 3613 1222 3676 »exitium«
1284 3613 1622 3697 antiquam
1681 3613 1956 3680 formam
2015 3616 2209 3684 fuisse
2269 3621 2694 3705 concedimus,

417 3727 635 3783 tamen
677 3741 717 3782 a
758 3716 1062 3783 Sallustio
1108 3737 1249 3781 eam
1294 3720 1670 3803 usurpatam
1714 3739 1847 3784 esse
1890 3721 2070 3787 nullo
2115 3725 2289 3788 certo
2328 3726 2694 3792 testimonio

419 3823 627 3886 evinci
672 3824 904 3906 potest.

1361 4057 1514 4146 Jug.
1567 4061 1666 4138 10,
1715 4062 1774 4125 1.

590 4230 863 4316 Micipsa
904 4202 1265 4299 moriturus.
1286 4234 1327 4299 J
1331 4236 1677 4320 ugurtham
1725 4241 2025 4322 nepotem
2071 4240 2327 4306 monet:

590 4332 902 4398 »Parvom
953 4355 1076 4418 ego
1119 4334 1484 4421 Jugurtha,
1553 4343 1646 4417 te,
1710 4343 1941 4406 amisso
1990 4345 2172 4427 patre
2217 4343 2356 4407 sine
2400 4364 2514 4426 spe
2558 4342 2697 4406 sine
