3000 4792
1514 195 1599 258 60

411 369 544 452 jam
610 368 676 431 in
741 365 1021 430 carmine
1080 365 1194 429 illo
1253 364 1549 448 sepulcro
1595 362 1914 447 Scipionis
1969 364 2173 429 inciso
2233 364 2544 447 scriptum
2612 365 2699 428 sit

421 471 573 535 »hec
617 471 790 554 cepit
819 467 1074 533 Corsica
1122 467 1474 553 Aleriaque
1506 468 1665 532 urbe
1697 467 2147 553 pugnandod‹,
2195 488 2324 550 qua
2354 465 2704 532 Sallustius

420 576 665 659 priscae
710 574 969 656 linguae
1014 572 1436 637 admiratione
1480 570 1769 635 imbutus
1811 568 2026 651 fuerit,
2069 570 2396 634 illustrare
2421 570 2694 636 videtur.

1355 823 1400 889 J
1402 845 1510 909 ug.
1558 825 1661 905 42,
1709 825 1770 891 4.

586 1002 899 1085 Scriptor,
946 1000 1115 1065 unde
1160 1020 1299 1064 mos
1342 996 1453 1062 ille
1499 999 1785 1083 partium
1831 1000 1897 1063 et
1940 998 2299 1063 factionum
2344 1021 2418 1065 ac
2463 999 2693 1065 deinde

417 1107 705 1171 omnium
748 1106 1061 1169 malarum
1106 1105 1343 1167 artium
1375 1101 1686 1167 Romanis
1730 1106 1910 1167 ortus
1957 1105 2060 1180 sit,
2106 1104 2327 1168 multis
2355 1104 2692 1180 disseruit3

410 1214 546 1297 jam
591 1232 727 1276 sese
773 1212 1033 1275 revocat
1076 1208 1162 1273 ad
1207 1210 1633 1293 propositum.
1727 1207 1879 1273 »Set
1923 1209 2000 1273 de
2043 1209 2270 1273 studiis
2298 1210 2581 1293 partium
2624 1212 2694 1274 et

418 1317 626 1380 omnis
691 1315 971 1379 civitatis
1037 1313 1323 1378 moribus
1382 1313 1437 1375 si
1496 1313 1866 1395 singulatim
1925 1315 2037 1375 aut
2081 1334 2200 1397 pro
2245 1313 2691 1397 magnitudine

416 1442 636 1505 parem
679 1420 1007 1500 disserere,
1061 1420 1318 1502 tempus
1361 1439 1554 1500 quam
1600 1439 1700 1482 res
1742 1417 2058 1481 maturius
2101 1438 2204 1482 me
2248 1417 2554 1498 deseret«,
2600 1419 2692 1484 sic

415 1523 487 1587 P.
551 1525 616 1586 et
682 1523 974 1607 plerique
1027 1522 1117 1601 O„
1189 1522 1513 1586 »deserat«
1573 1521 1677 1584 vel
1745 1520 2142 1584 »desereret«
2202 1522 2416 1585 ceteri.
2507 1520 2688 1596 Quod

414 1625 784 1690 Dietschius
826 1628 892 1689 et
935 1624 1256 1689 Jordanus
1298 1623 1739 1701 indicativum,
1782 1624 1895 1707 qui
1941 1624 2331 1707 optimorum
2377 1622 2689 1689 librorum

414 1729 795 1793 auctoritate
853 1728 1117 1805 nititur,
1179 1728 1507 1810 aspernati
1569 1730 1749 1804 sunt,
1813 1748 2075 1811 prorsus
2135 1729 2369 1791 mirum
2414 1728 2684 1793 videtur.

412 1832 802 1897 Indicativus
846 1833 1017 1896 enim
1037 1880 1053 1909 ,
1122 1852 1314 1914 quem
1358 1831 1621 1895 modum
1664 1832 1835 1915 apud
1881 1830 2254 1896 Sallustium
2295 1834 2551 1918 saepius
2594 1833 2687 1897 ibi

413 1957 667 2020 quoque
712 1936 1010 2013 inveniri,
1056 1935 1168 1999 ubi
1213 1935 1558 1999 secundum
1589 1935 1884 2020 vulgares
1927 1938 2490 2021 grammaticorum
2512 1938 2688 2022 leges

413 2040 857 2124 conjunctivus
916 2040 1122 2122 magis
1183 2037 1355 2103 foret
1415 2040 1723 2115 usitatae,
1793 2038 2196 2104 Badstiibner
2252 2042 2322 2103 in
2368 2061 2691 2106 commen-

411 2143 662 2209 tatione
705 2143 784 2208 de
828 2141 1118 2207 Sallustii
1163 2142 1417 2207 dicendi
1461 2162 1693 2225 genere
1737 2165 1799 2224 p.
1847 2143 1931 2205 39
1972 2145 2039 2207 et
2082 2142 2521 2208 Bussmannus
2571 2145 2688 2209 »de

411 2251 776 2331 temporum
841 2251 906 2312 et
973 2247 1306 2310 modorum
1370 2246 1545 2329 apud
1607 2246 1979 2309 Sallustium
2043 2269 2201 2310 usu«
2268 2271 2331 2331 p.
2393 2250 2434 2313 5
2492 2251 2689 2313 testes

412 2354 594 2428 sunt,
652 2351 870 2416 Severi
926 2351 1272 2415 imitatoris
1334 2352 1812 2415 accuratissima
1855 2352 2272 2417 translatione
2318 2355 2473 2417 satis
2516 2353 2692 2418 defe-

411 2455 697 2519 fenditur
758 2454 869 2518 cfr.
922 2454 1000 2518 D.
1050 2455 1080 2519 I
1137 2456 1230 2535 19,
1277 2457 1317 2519 6
1382 2455 1532 2518 »sed
1589 2476 1689 2519 me
1745 2455 1878 2519 dies
1936 2458 2086 2518 ante
2147 2456 2432 2536 deficiet,
2494 2477 2689 2540 quam

411 2560 661 2624 diversa
725 2557 1065 2637 miracula,
1136 2579 1298 2641 quae
1368 2557 1529 2621 mihi
1590 2558 1669 2620 de
1721 2562 2085 2621 sanctorum
2131 2559 2484 2624 virtutibus
2534 2565 2690 2625 sunt

410 2665 736 2746 conperta,
785 2680 1284 2726 consummem«.
1374 2661 1675 2725 Ceterum
1718 2662 2131 2727 indicativum
2179 2665 2384 2745 illum,
2446 2666 2688 2750 quippe

411 2790 537 2852 quo
603 2789 734 2832 non
799 2768 1032 2830 incerti
1093 2766 1335 2849 aliquid
1393 2766 1679 2829 modeste
1722 2770 2151 2851 proponatur,
2213 2770 2320 2834 sed
2364 2770 2429 2833 id
2477 2771 2687 2854 ipsum

418 2872 589 2955 quod
611 2875 909 2935 narratur
951 2892 1173 2935 verum
1214 2891 1349 2934 esse
1394 2891 1514 2953 pro
1546 2872 1725 2934 certo
1745 2872 2182 2953 confirmetur,
2225 2874 2353 2938 vim
2378 2876 2690 2941 orationis

413 2977 673 3060 egregie
717 2995 952 3060 augere
996 2974 1222 3059 negari
1266 2995 1396 3038 non
1442 2975 1677 3056 potest.

1282 3203 1434 3289 Jug.
1481 3207 1584 3285 47,
1640 3209 1822 3271 1—2.

589 3373 788 3436 ›Erat
849 3372 1009 3436 haut
1053 3372 1240 3456 longe
1284 3372 1367 3437 ab
1411 3395 1488 3437 eo
1534 3374 1787 3456 itinere,
1849 3398 1977 3460 quo
2020 3376 2319 3444 Metellus
2363 3380 2689 3464 pergebat,

411 3476 720 3560 oppidum
765 3474 1218 3554 Numidarum,
1264 3480 1525 3543 nomine
1571 3478 1804 3557 Vacca,
1849 3481 2064 3546 forum
2110 3504 2322 3549 rerum
2366 3483 2690 3549 venalium

409 3580 612 3645 totius
653 3581 841 3664 regni
888 3602 1184 3646 maxume
1229 3581 1644 3661 celebratum,
1692 3585 1805 3648 ubi
1846 3589 1917 3650 et
1958 3587 2243 3651 incolere
2291 3591 2357 3652 et
2423 3591 2693 3654 mercari

410 3688 878 3750 consueverant
905 3684 1115 3749 Italici
1161 3687 1417 3769 generis
1446 3687 1639 3752 multi
1666 3689 1991 3754 mortales·
2087 3689 2152 3755 H
2156 3713 2233 3756 uc
2252 3692 2473 3757 consul
2502 3694 2693 3758 simul

410 3790 772 3872 temptandi
815 3789 1032 3875 gratia
1074 3791 1129 3853 si
1171 3793 1553 3875 paterentur
1596 3796 1661 3858 et
1705 3793 1788 3857 ob
1835 3797 2310 3879 oportunitates
2354 3799 2478 3862 loci
2511 3819 2692 3883 prae·

412 3894 644 3958 sidium
691 3895 1044 3977 inposuit«
2707 3980 2726 3993 ,

578 3996 817 4077 Locus,
902 4021 1095 4085 quem
1159 4001 1370 4064 totum
1437 4000 1840 4067 Dietschium
1906 4005 2108 4070 secuti
2186 4008 2692 4093 perscripsimus,

406 4100 823 4167 difficillimus
866 4104 982 4169 est.
1075 4100 1373 4186 Namque
1418 4105 1492 4168 ut
1534 4106 1732 4170 verba
1777 4109 1933 4174 »ubi
1976 4112 2044 4174 et
2084 4111 2369 4177 incolere
2411 4116 2484 4177 et
2529 4135 2698 4178 mer-

406 4205 543 4267 cari
588 4208 1052 4270 consueverant
1092 4206 1303 4269 Italici
1347 4208 1606 4290 generis
1648 4211 1835 4274 multi
1879 4213 2222 4279 mortales«
2272 4212 2486 4300 (quae,
2548 4237 2692 4281 cum

407 4305 477 4367 in
522 4306 615 4370 Po
657 4311 726 4371 et
754 4308 848 4372 Po
870 4308 894 4346 ²
936 4310 1115 4393 prior
1160 4311 1465 4377 infinitivi
1513 4314 1873 4380 »incolere«
1922 4318 2139 4382 littera
2189 4339 2300 4383 »e«
2361 4342 2544 4386 erasa
2588 4322 2693 4397 sit,
