3000 4792
1383 232 1470 299 25
2503 268 2539 304 ο

470 401 626 475 Sall.
669 400 715 468 J
713 423 816 488 ug.
1246 403 1421 471 Dict.
1466 400 1571 470 Or.
2051 399 2123 469 S.
2150 401 2310 470 Sext.

310 561 404 630 41)
440 561 615 617 dediti
641 560 818 618 ventri
836 565 895 616 et
910 565 1020 616 tur·
1841 557 1884 614 O
1930 558 1987 615 11
2032 562 2131 633 50,
2184 562 2219 617 2
2274 563 2457 620 ventri
2503 565 2562 619 e't

272 633 529 704 pissimae
563 634 707 704 parti
745 634 989 704 corporis
1808 630 1966 759 ἓξὲξ
2013 633 2311 703 plurimum
2358 635 2562 709 imper·

317 776 410 845 45)
446 775 656 831 luxuria
701 779 759 831 et
809 775 1029 847 ignavia
1080 760 1136 816 11
1169 764 1259 847 ,13
1309 779 1379 848 130
1423 761 1629 847 ᾷοὲἱοῐα
1672 775 1792 844 1³9⁸·

320 887 334 901 .
358 887 371 901 .
410 848 743 917 reipublicae
775 848 1026 904 innoxiae
1045 850 1187 887 fluml
1220 835 1374 890 duem
1409 838 1690 890 01V1tatem
1713 850 1793 886 m·

278 887 421 975 cludi
457 924 584 974 gunt
1045 907 1261 960 noxiam
1316 948 1331 962 .
1368 947 1382 962 .
1431 945 1446 961 .
1496 907 1648 962 luere
1698 923 1793 975 pa-

1044 984 1290 1035 terentur

314 1059 407 1128 47)
455 1064 735 1118 consultor
782 1062 931 1118 idem
967 1066 1026 1116 et

276 1134 453 1189 socius
490 1172 505 1187 .
545 1174 560 1189 .
601 1175 615 1189 .
648 1135 814 1190 adero

326 1276 384 1345 3)
438 1207 709 1347 regemgg..
736 1316 750 1330 .
793 1316 807 1329 .
860 1275 1025 1330 armis

277 1353 505 1402 exuerat
617 1381 719 1471 89.-

316 1490 369 1560 1)
405 1476 613 1558 consul,
638 1487 720 1542 uti
742 1492 1025 1551 statuerat,
1082 1472 1137 1526 Π
1175 1475 1242 1528 13
1269 1473 1597 1541 ἆθθθῐῦἰίῖῦῑ,
1623 1476 1706 1532 uti
1723 1517 1737 1532 ·
1760 1518 1773 1532 .
1814 1510 1823 1519 ·

279 1561 487 1631 oppida
524 1599 539 1615 ,
581 1601 593 1614 ,
635 1601 649 1615 ,
685 1560 838 1615 affin,
1045 1549 1295 1601 civitates
1336 1586 1349 1600 .
1390 1586 1404 1602 .
1445 1588 1459 1603 .
1494 1548 1698 1605 adeant

1859 1065 1909 1120 D
1956 1065 1984 1120 1
2035 1069 2132 1131 23,
2187 1071 2220 1122 2
2276 1068 2455 1126 socius
2504 1074 2563 1127 et

1812 1138 2124 1195 consolator
2158 1139 2264 1196 fuit

1847 1278 2560 1354 015‚5reges...

1811 1355 1998 1407 exutos
2047 1354 2254 1423 praeda
2286 1358 2561 1427 armisque

354 1701 408 1773 1)
493 1634 775 1758 frunffiiti'
840 1704 1023 1774 inopia
1847 1694 1889 1750 C
1922 1697 1952 1750 Ι
1986 1700 2083 1782 17,
2135 1699 2163 1753 1
2217 1717 2343 1756 cum
2390 1718 2561 1772 aquae

275 1776 647 1845 temptabatur
1042 1786 1049 1793 ·
1808 1785 2038 1839 penuria
2071 1774 2439 1841 temptaretur

270 1918 376 2044 vg)
392 1849 740 2042 mpostqfflin
806 1922 1023 1990 tempus
1044 1906 1128 2034 egt
1147 1907 1216 1965 13
1251 1909 1346 1965 ubi
1365 1914 1584 1981 tempus
1611 1910 1788 1968 visum

354 2008 387 2042 u

1844 2045 1885 2101 C
1922 2047 1950 2101 1
1988 2051 2074 2118 24,
2112 2051 2145 2102 7
2184 2049 2447 2117 populum
2470 2053 2558 2104 tot

1807 2118 2081 2173 beneficiis
2103 2121 2204 2173 Dei
2228 2121 2554 2190 obligatum,

1807 2195 1890 2245 tot
1925 2192 2172 2247 cladibus
2211 2210 2335 2245 cum
2360 2209 2552 2262 pecca-

1804 2267 1890 2319 ret
1959 2264 2291 2334 coercitum,
2364 2281 2555 2333 exper-

1805 2340 2027 2404 tumque
2105 2339 2161 2390 et
2249 2336 2557 2391 misericor·

1807 2405 1954 2461 diam
1991 2412 2049 2460 et
2083 2407 2429 2463 severitatem
2453 2408 2556 2461 Dei

1805 2495 2141 2547 nequaquam
2206 2478 2555 2533 emendatum

1842 2550 1882 2604 C
1918 2550 1972 2604 ΙΙ
1997 2553 2048 2613 7,
2085 2552 2122 2604 4
2146 2550 2339 2604 Daniel
2375 2551 2554 2606 clarus

1804 2626 1931 2676 ante
1966 2622 2165 2678 clarior
2198 2620 2390 2677 haberi

311 2061 369 2130 7)
402 2078 568 2130 genus
606 2060 888 2116 hominum
909 2079 1020 2116 mo·

271 2130 384 2186 bile
419 2132 673 2201 infidum,
725 2150 898 2202 neque
931 2135 1023 2187 be-

272 2202 457 2268 nificia
492 2221 663 2273 neque
701 2211 848 2260 metu
874 2209 1018 2261 coer·

272 2275 445 2329 citum

331 2630 384 2698 1)
436 2648 670 2700 magnus
733 2635 791 2686 et
842 2631 1019 2685 clarus

269 2706 448 2765 antea,
460 2705 636 2774 major
646 2709 808 2772 atque
819 2703 1020 2759 clarior

269 2771 462 2828 haberi
499 2776 681 2844 coepit
1026 2830 1033 2853 Ι

307 2843 364 2914 5)
408 2846 467 2899 in
501 2847 805 2901 inmensum
843 2846 1019 2901 editus
1073 2837 1145 2894 V'
1164 2841 1227 2892 11
1282 2841 1374 2895 cui
1407 2840 1558 2899 edito
1591 2842 1650 2899 in
1683 2843 1783 2898 im·

1038 2926 1286 2965 mensum

305 3056 362 3128 2)
401 3075 537 3127 quae
574 3077 698 3115 cum
724 3100 739 3116 .
760 3101 774 3114 .
802 3100 817 3116 .
844 3064 1017 3115 aestu-
1843 3066 1883 3121 C
1908 3066 1963 3121 11
1988 3070 2077 3139 21,
2113 3071 2146 3125 5
2171 3068 2365 3140 quibus
2388 3069 2552 3126 rebus

267 3146 365 3185 ans
402 3131 641 3200 agitaret
1804 3145 2055 3197 aestuans

302 3219 477 3272 prope
497 3203 567 3256 ad
581 3220 853 3257 summum
863 3216 1023 3259 mon-⁷
1075 3194 1124 3251 V
1149 3194 1239 3279 ,5η
1280 3212 1453 3268 propo
1514 3216 1781 3257 summum

264 3274 337 3328 tis
375 3291 622 3344 egressus
657 3279 741 3329 est
1041 3265 1244 3335 fffltlgu
1276 3277 1599 3337 pervenerat

298 3345 356 3416 3)
391 3363 546 3402 more
579 3347 766 3418 ingeni
795 3346 1017 3402 humani
1071 3336 1126 3390 ῙῙ
1165 3339 1232 3392 15
1272 3357 1425 3396 1¹²0?ss
1459 3344 1667 3414 ingenii
1689 3345 1783 3401 11¹¹·
1839 3354 1880 3410 C
1928 3356 1956 3411 1
2007 3358 2061 3421 4,
2120 3356 2155 3411 5
2205 3359 2262 3412 et
2296 3357 2324 3412 1
2364 3361 2458 3429 16,
2513 3362 2546 3414 7

1037 3424 1184 3463 mam
1803 3445 1956 3485 more
1989 3428 2214 3485 humani
2246 3429 2458 3501 ingenii

301 3489 359 3559 ὅ)
392 3489 585 3544 eadem
601 3491 912 3561 regreditur
930 3530 944 3545 .
965 3531 979 3546 .
1002 3532 1014 3545 .
1069 3481 1123 3535 ῙῙ
1157 3483 1242 3566 45,
1266 3500 1452 3567 presso
1482 3487 1659 3556 gradu
1678 3489 1779 3545 Gir·

263 3564 540 3632 temptans
588 3563 772 3619 omnig
822 3568 879 3619 et
912 3564 1013 3620 eir.
1035 3561 1559 3629 cumsplelentesque
1600 3562 1779 3616 omnia

265 3634 624 3703 cumspiciens
1032 3631 1271 3697 pergunt
1739 3637 1754 3641 ·

305 3705 360 3771 6)
418 3705 709 3774 pollicetur
758 3723 874 3763 sese
926 3707 1012 3762 iti·
1066 3696 1123 3751 ῙῙ
1160 3702 1231 3754 42
1267 3699 1386 3768 quis
1422 3700 1632 3759 Hector
1668 3703 1778 3759 dux

262 3775 411 3831 neris
447 3777 781 3848 periculique
817 3778 1010 3834 ducem
1032 3774 1196 3839 atque
1279 3771 1519 3829 audendi
1592 3781 1780 3833 auctor

303 3918 355 3987 1)
401 3918 484 3974 uti
529 3851 853 3990 prgfffiectus
889 3961 904 3977 .
943 3961 958 3977 .
998 3962 1012 3977 .
1033 3842 1207 3971 favet&
1244 3933 1351 3984 quo
1388 3915 1643 3973 adtractu
1667 3936 1778 3975 mo·

261 3989 472 4046 facilius
506 3990 649 4047 foret
1032 3991 1120 4041 tus
1154 3986 1362 4043 facilius
1397 3987 1542 4043 foret

1834 4064 1884 4118 D
1902 4062 1929 4117 Ι
1960 4065 2046 4135 15,
2081 4067 2119 4121 4
2153 4083 2283 4122 nam
2313 4067 2546 4122 subinde

1795 4136 2078 4207 restitans,
2165 4138 2396 4192 subinde
2465 4155 2550 4193 re·

1796 4214 2052 4277 spectans
2109 4208 2271 4264 facile
2329 4213 2549 4278 poterat

1795 4280 2043 4350 intellegi
2094 4279 2154 4333 id
2209 4294 2331 4333 eam
2386 4280 2545 4351 velle,

1797 4355 1856 4404 ut
1885 4368 1992 4419 quo
2011 4349 2108 4406 illa
2132 4349 2389 4418 ducebat,
2420 4370 2548 4409 ana·

1799 4419 2028 4477 choreta
2064 4426 2377 4491 sequeretur

1984 4511 2022 4567 8

300 4062 354 4131 2)
408 4065 622 4134 saepius
681 4064 875 4120 eadem
920 4065 1012 4120 ad·

263 4134 525 4190 scendens
561 4137 1012 4206 descendensque,

264 4203 392 4258 dein
444 4208 630 4261 statim
684 4209 1012 4280 digrediens,

268 4277 466 4334 ceteris
499 4279 782 4335 audaciam
810 4281 1013 4336 addere
