3000 4792
1545 214 1630 280 54

441 385 786 451 desiderari
831 387 1025 452 simili
1074 387 1354 471 quodam
1398 384 1700 472 Septimii
1744 387 1885 451 loco
1930 389 2370 471 confirmatur,
2417 411 2545 472 quo
2590 389 2747 485 ineu

440 512 831 575 quamquam
876 492 952 558 de
1000 491 1263 558 Graecis
1307 492 1630 556 contraria
1673 490 1833 557 dicit
1876 512 2115 576 eorum,
2161 514 2325 575 quae
2375 493 2724 558 Sallustius

437 594 665 660 Catoni
711 597 885 660 laudi
928 595 1182 673 tribuit,
1231 594 1406 660 hunc
1451 598 1668 659 tamen
1715 596 2067 680 respexisse
2113 597 2405 661 videtur:

779 700 847 765 II
891 701 969 765 21
1023 699 1251 764 »credo
1296 718 1418 783 ego
1462 720 1595 777 VOS,
1644 698 1912 784 Trojani
1957 700 2305 785 principes,
2367 700 2525 764 satis
2568 721 2724 765 con-

780 808 1034 889 pertum
1093 803 1361 881 habere,
1418 802 1586 867 nihil
1630 806 1873 868 temere
1917 803 2216 886 Graecos,
2278 804 2448 870 nihil
2492 806 2723 870 incon-

779 909 1022 972 sultum
1078 907 1368 991 incipere
1423 906 1655 984 solere,
1717 927 1792 972 ac
1853 929 2107 994 semper
2164 907 2266 974 his
2303 910 2441 993 jam
2496 910 2638 973 tum
2681 931 2723 972 a

779 1009 1129 1095 majoribus
1196 1009 1524 1094 provisum
1587 1011 1782 1093 atque
1850 1011 2255 1077 elaboratum
2274 1061 2289 1091 ,
2378 1012 2477 1076 uti
2549 1010 2721 1076 facta

783 1117 1090 1197 gestaque
1135 1133 1354 1178 eorum
1400 1113 1542 1176 laus
1585 1114 1800 1198 potius
1837 1135 2032 1198 quam
2059 1115 2253 1201 culpa
2279 1117 2718 1200 sequeretur«.

612 1216 752 1291 Qua
789 1216 1154 1281 imitatione
1178 1215 1347 1280 nihil
1368 1216 1708 1294 contineri,
1753 1237 1880 1300 quo
1902 1218 2077 1283 inter
2098 1218 2379 1297 »illam«,
2429 1218 2718 1296 »illum«,

442 1323 632 1386 ›illa‹
681 1320 1104 1405 dijudicantes
1147 1321 1524 1399 innitamur,
1570 1320 1756 1386 valde
1799 1321 2142 1386 dolendum
2165 1325 2280 1388 est.
2351 1322 2720 1387 Scribentes

437 1427 638 1510 igitur
686 1446 800 1490 »eo
844 1426 1051 1512 magis
1088 1425 1267 1489 illam
1305 1424 1735 1508 sequebatur«
1762 1425 2230 1509 ineptissimam
2252 1447 2371 1492 nos
2400 1430 2468 1492 et
2493 1430 2719 1493 contra

436 1552 509 1595 ea
533 1551 697 1613 quae
722 1530 1138 1595 antecedunt:
1188 1550 1355 1612 »quo
1378 1529 1592 1592 minus
1613 1528 1879 1612 petebat
1896 1528 2207 1613 gloriam«
2241 1534 2716 1616 repugnantem

437 1635 824 1699 sententiam
847 1633 1135 1719 proferre
1159 1654 1348 1697 nemo
1372 1654 1505 1696 non
1527 1632 1724 1697 videt.
1793 1631 2034 1698 Contra
2055 1634 2375 1719 scriptura
2394 1635 2716 1700 Dietschii

440 1738 631 1802 »illa«
679 1738 817 1802 sine
861 1737 996 1801 ulla
1039 1736 1328 1801 codicum
1373 1736 1498 1800 fide
1543 1738 1661 1816 est,
1708 1736 2006 1820 quodque
2023 1735 2348 1803 Jordanus
2378 1737 2715 1823 amplexus

436 1845 535 1908 est
604 1841 865 1905 »illum«
914 1839 1259 1923 Augustini
1317 1840 1694 1907 testimonio
1756 1838 2128 1921 fulciretur,
2196 1841 2321 1905 nisi
2380 1841 2714 1926 scriptoris

432 1945 609 2010 illius
652 1943 1066 2009 ecclesiastici
1109 1942 1310 2009 libros
1332 1944 1620 2009 criticam
1642 1942 1852 2009 adhuc
1872 1943 2355 2029 philologorum
2378 1950 2714 2011 censuram

434 2051 770 2135 expectare
836 2049 1180 2112 constaret.
1292 2045 1477 2112 Certe
1546 2046 1672 2111 hoc
1737 2046 1995 2130 quidem
2059 2048 2202 2113 loco
2268 2050 2711 2115 testimonium

436 2156 573 2239 ejus
617 2152 786 2218 nihil
830 2152 1042 2217 valere
1088 2173 1164 2216 ex
1208 2173 1283 2216 eo
1331 2156 1621 2236 apparet,
1664 2151 1835 2234 quod
1880 2173 1919 2215 a
1951 2149 2340 2217 Sallustiano
2373 2154 2713 2220 verborum

436 2258 656 2322 ordine
717 2255 1018 2321 recedens
1073 2276 1430 2340 pronomen
1496 2254 1762 2319 »illum«
1806 2252 2146 2319 falsissime
2191 2258 2341 2321 ante
2384 2279 2714 2344 compara·

434 2361 638 2425 tivum
689 2360 973 2444 »magis«
1024 2358 1257 2444 posuit.

610 2463 837 2547 Itaque
899 2483 1042 2527 cum
1103 2460 1352 2526 codices
1396 2459 1663 2525 Sallusti
1707 2463 1879 2526 inter
1921 2484 1988 2527 se
2033 2462 2423 2549 discrepent,
2484 2465 2715 2552 Augu-

437 2568 644 2631 stinus
704 2569 922 2631 autem
981 2565 1175 2651 paulo
1234 2564 1676 2649 negligentius
1733 2566 1807 2630 in
1851 2564 2161 2632 Sallustio
2206 2568 2526 2635 laudando
2571 2591 2715 2635 ver-

318 2747 325 2753 ,
433 2672 610 2734 satus
644 2670 784 2752 sit,
847 2670 1035 2735 nobis
1094 2669 1352 2753 quidem
1414 2689 1770 2752 pronomen
1833 2668 1990 2734 illud
2051 2691 2314 2755 prorsus
2371 2672 2713 2740 delendum

432 2773 705 2852 videtur,
755 2774 1136 2861 praesertim
1181 2793 1328 2837 cum
1374 2770 1630 2836 sublato
1673 2794 1750 2837 eo
1794 2773 1966 2840 nihil
2009 2774 2421 2840 desideretur.

1315 3033 1452 3099 Cat.
1494 3034 1600 3111 55,
1653 3034 1838 3100 1—6.

576 3201 996 3287 yPostquam
1020 3251 1035 3278 ,
1121 3205 1195 3266 ut
1274 3202 1439 3283 dixi,
1523 3204 1785 3268 senatus
1849 3202 1920 3266 in
1985 3202 2249 3269 Catonis
2324 3203 2711 3270 sententiam

430 3306 740 3387 discessit,
786 3306 1031 3385 consul,
1078 3309 1418 3391 optumum
1461 3305 1642 3370 factu
1685 3306 1865 3370 ratus
1912 3309 2167 3372 noctem
2213 3329 2377 3391 quae
2420 3309 2710 3373 instabat

431 3411 812 3494 antecapere
871 3432 951 3474 ne
1013 3410 1164 3494 quid
1212 3431 1287 3474 eo
1334 3410 1544 3494 spatio
1591 3411 1970 3488 novaretur,
2030 3412 2162 3475 tres
2205 3411 2377 3477 viros
2419 3433 2582 3496 quae
2626 3410 2710 3475 ad

432 3514 819 3599 subplicium
864 3515 1239 3601 postulabat
1282 3536 1511 3601 parare
1548 3515 1771 3600 jubet;
1815 3516 1956 3600 ipse
2000 3516 2338 3601 praesidiis
2381 3517 2710 3601 dispositis

426 3618 776 3685 Lentulum
818 3621 891 3684 in
919 3640 1237 3684 carcerem
1280 3619 1554 3698 deducit,
1599 3618 1768 3684 idem
1813 3618 1892 3683 fit
1936 3621 2167 3684 ceteris
2213 3644 2329 3706 per
2362 3625 2711 3708 praetores.

428 3725 548 3789 Est
592 3725 662 3789 in
705 3746 959 3789 carcere
1004 3724 1205 3805 locus,
1250 3724 1421 3809 quod
1471 3722 1846 3788 Tullianum
1890 3724 2276 3810 appellatur.
2347 3763 2425 3775 -
2499 3725 2569 3811 5)
2631 3726 2713 3791 In

432 3849 579 3893 eum
627 3829 839 3893 locum
884 3830 1227 3914 postquam
1271 3828 1584 3894 demissus
1627 3829 1726 3893 est
1770 3825 2104 3910 Lentulus,
2168 3829 2455 3896 vindices
2495 3851 2713 3896 rerum

431 3932 809 4017 capitalium
875 3934 1112 4018 quibus
1180 3934 1595 4019 praeceptum
1661 3934 1803 3997 erat
1861 3933 2097 4017 laqueo
2159 3934 2382 4021 gulam
2441 3934 2713 4022 fregere.

430 4035 536 4099 Ita
576 4034 687 4100 ille
731 4036 1042 4120 patricius
1085 4058 1164 4102 ex
1207 4040 1398 4120 gente
1442 4036 1820 4101 clarissuma
1863 4035 2306 4109 Corneliorum
2324 4088 2342 4116 ‚
2405 4041 2518 4125 qui
2561 4060 2717 4105 con-
2807 4038 2812 4043 “

427 4140 637 4205 sulare
683 4140 1002 4223 inperium
1051 4141 1294 4207 Romae
1353 4140 1670 4206 habuerat
1684 4188 1702 4223 ,
1760 4142 2029 4227 dignum
2074 4143 2362 4209 moribus
2405 4143 2716 4229 factisque

423 4243 561 4306 suis
608 4243 877 4309 exiti-um
924 4245 1091 4310 vitae
1137 4244 1448 4313 invenit«

605 4345 823 4408 Verba
873 4347 1192 4414 »vindices
1237 4368 1447 4413 rerum
1496 4347 1914 4431 capitalium«
1953 4350 2238 4416 inlibris
2261 4349 2716 4435 manuscriptis
