3000 4792
1502 250 1586 318 12

614 417 765 483 Sall.
812 416 960 502 Jug.
1160 486 1161 489 ,
1386 421 1560 487 Diet.
1606 419 1708 489 Or.
2192 420 2258 489 S.
2304 420 2449 489 Sev.

450 577 508 645 4)
544 577 710 633 aetati
743 575 1068 633 concederet
1212 577 1262 636 V
1310 580 1377 633 14
1425 577 1620 634 honori
1664 579 1778 649 ejus
1821 595 1924 650 per

1180 650 1557 707 verecundiam
1591 651 1890 708 concedens

451 719 506 786 5)
554 721 801 775 consulta
849 724 905 774 et
939 720 1159 776 decreta
1245 748 1255 757 ·
1977 721 2017 776 C
2053 721 2108 776 ΙΙ
2146 722 2232 792 36,
2280 726 2314 778 6
2350 721 2420 776 de
2454 721 2687 778 Photino

414 792 598 846 omnia
639 792 876 846 rescindi
1941 811 2049 848 non
2067 799 2150 848 est
2178 794 2405 848 rescissa
2419 795 2688 850 sententia

450 862 511 932 8)
546 880 681 931 quae
697 864 792 918 ubi
807 863 1014 919 tardius
1035 881 1159 934 pro-
1994 865 2036 919 C
2073 865 2128 918 11
2166 869 2255 929 38,
2312 870 2340 920 l
2390 870 2507 920 tum
2555 860 2690 921 vero¹

413 935 616 989 cedunt
634 976 647 989 .
666 973 681 990 .
705 974 739 1004 .,
762 936 953 990 statuit
970 936 1158 1005 quovis
1943 935 2152 1000 Ariani,
2198 936 2296 990 ubi
2343 936 2457 992 doli
2492 954 2684 1007 parum

414 1006 581 1062 modo
600 1006 877 1077 inceptum
901 1007 1160 1078 perficere
1941 1011 2343 1135 gmcesserant,
2401 1009 2459 1065 vi
2521 1025 2686 1079 agere

1980 1083 2238 1136 ecernunt

462 1165 637 1219 neque
696 1149 897 1204 lenitur
949 1151 1158 1206 animus
1215 1150 1296 1205 111
1333 1152 1366 1205 2
1414 1149 1512 1204 ubi
1556 1149 1768 1204 animus
1812 1166 1923 1205 non

414 1220 568 1276 ferox
1181 1222 1379 1277 lenitur
1413 1222 1510 1276 cfr.
1549 1221 1627 1291 IV
1666 1223 1735 1276 10

755 1295 837 1346 12.

454 1365 512 1433 8)
547 1380 703 1419 carus
739 1368 1100 1435 acceptusque
1212 1365 1239 1419 1
1275 1367 1347 1421 20
1375 1364 1648 1435 jucundus
1666 1366 1923 1434 acceptus
1979 1364 2020 1420 C
2039 1365 2067 1420 1
2086 1366 2142 1429 2,
2161 1365 2195 1420 6
2233 1380 2388 1420 carus
2409 1379 2536 1421 acce
2575 1366 2685 1419 tus-

1178 1453 1281 1505 que
1942 1453 2049 1506 que
2084 1437 2183 1493 cfr.
2226 1439 2277 1491 1.
2314 1437 2402 1507 25,
2444 1438 2492 1491 1.
2596 1437 2682 1500 35,
2797 1436 2812 1451 “

750 1506 835 1562 13.
1944 1514 1997 1564 2.
2031 1509 2086 1562 II
2123 1511 2176 1577 7,
2213 1511 2247 1562 2

452 1577 506 1644 1)
542 1574 686 1630 fama
723 1616 736 1630 .
767 1617 781 1631 .
818 1593 918 1647 per
941 1593 1153 1632 omnem
1213 1577 1239 1631 Ι
1265 1579 1296 1631 3
1335 1593 1434 1646 per
1452 1594 1671 1632 omnem
1690 1576 1920 1631 insulam

413 1646 650 1702 Africam
669 1647 822 1702 brevi
851 1649 998 1703 divol
1038 1653 1158 1704 atur
1180 1648 1321 1702 fama
1343 1648 1401 1702 in
1420 1650 1596 1717 majus
1613 1649 1922 1718 divulgatur

447 1718 506 1773 in
556 1719 690 1773 duas
743 1723 924 1789 partes
1029 1722 1154 1775 ‘sce·
1213 1720 1261 1776 V
1303 1722 1367 1773 15
1415 1721 1596 1777 studio
1631 1720 1689 1774 in
1737 1725 1921 1789 partes

412 1789 549 1845 dunt
1176 1790 1463 1846 discedunt

449 1863 507 1930 2)
542 1863 691 1918 urbis
706 1863 907 1932 partim
926 1864 997 1932 vi,
1025 1864 1157 1920 alias
1975 1863 2016 1918 G
2052 1862 2080 1917 1
2122 1866 2211 1930 24,
2248 1866 2274 1915 1
2316 1863 2554 1919 subactis
2588 1868 2683 1921 aut

411 1935 690 1990 voluntate
709 1936 919 2005 inperio
944 1953 1040 1990 suo
1062 1936 1155 1990 ad-
1941 1952 2038 2004 per
2073 1934 2407 1989 deditionem
2446 1935 2684 2006 acceptis

403 2005 590 2088 jungit
606 2046 619 2072 ‚
670 2009 820 2062 omni
867 2007 1154 2063 Numidiae
1940 2006 2190 2078 gentibus
2225 2006 2578 2077 imperitabat

409 2083 983 2219 Ιῑέῗᾳῗέἑέαἶηὲτωὶε
1028 2165 1154 2204 con·
1976 2147 2017 2203 G
2033 2149 2059 2203 Ι
2074 2151 2164 2216 21,
2198 2149 2234 2202 4
2272 2152 2492 2217 paratus
2518 2148 2683 2204 armis

409 2222 634 2276 tendere
1940 2221 2266 2275 contendere

448 2292 503 2361 5)
559 2293 768 2347 facinus
824 2309 980 2347 suum
1032 2310 1154 2348 cum
1226 2290 1279 2344 11
1340 2293 1411 2345 22
1480 2292 1735 2360 reputate
1794 2306 1918 2344 cum

412 2365 594 2419 animo
631 2369 888 2434 reputans
1174 2361 1365 2416 animis
1401 2363 1595 2417 vestris

446 2437 500 2504 6)
549 2439 756 2490 veteres
802 2436 1006 2489 amicos
1039 2451 1153 2487 mu·
1230 2434 1278 2489 V
1329 2434 1396 2487 15
1460 2434 1701 2502 singulos
1754 2449 1918 2501 quam

412 2507 630 2560 neribus
664 2508 921 2574 expleant
1175 2504 1424 2559 maximis
1460 2506 1618 2559 donis
1652 2506 1831 2574 replet

445 2579 504 2648 7)
552 2594 786 2646 quorum
837 2594 901 2631 ea
947 2580 1151 2644 tempe·
1208 2577 1235 2629 I
1274 2578 1307 2629 6
1361 2577 1513 2646 cujus
1564 2578 1800 2629 maxime
1855 2591 1918 2628 ea
1974 2571 2014 2626 C
2050 2572 2105 2626 11
2141 2572 2231 2634 45,
2269 2569 2303 2622 8
2350 2581 2581 2636 quorum
2618 2579 2682 2617 ea

409 2654 550 2704 state
571 2651 628 2703 in
648 2653 840 2703 senatu
863 2648 1153 2702 auctoritas
1174 2652 1495 2716 tempestate
1514 2647 1666 2701 domi
1685 2648 1918 2716 bellique
1937 2646 2261 2713 tempestate
2270 2654 2483 2693 summa
2496 2637 2681 2691 aucto·

410 2721 661 2790 pollebat
1175 2719 1459 2773 consilium
1496 2720 1669 2772 valuit
1939 2718 2070 2770 ritas
2107 2720 2226 2769 erat
2628 2775 2639 2788 ⁸

447 2797 532 2846 set
565 2793 661 2845 ubi
698 2831 712 2845 .
736 2831 800 2858 ..,
835 2794 989 2844 tanta
1009 2807 1152 2844 com·
1210 2790 1263 2844 II
1299 2793 1369 2844 42
1405 2794 1559 2845 tanta
1595 2829 1610 2843 .
1640 2831 1653 2844 .
1688 2787 1918 2843 mutatio
1972 2790 2022 2842 D
2065 2790 2115 2842 1.
2150 2789 2199 2838 1.
2236 2786 2268 2837 7
2306 2783 2492 2862 tantus
2523 2817 2537 2831 .
2573 2815 2586 2830 .
2623 2792 2682 2829 m

410 2864 640 2917 mutatio
675 2862 911 2926 incessit,
949 2866 1011 2915 ut
1173 2861 1475 2917 animorum
1516 2900 1531 2914 .
1565 2901 1580 2915 .
1626 2861 1918 2916 incesserat
1937 2862 2172 2914 cesserat
2192 2854 2356 2910 ardor
2374 2863 2679 2907 animorum

444 3005 502 3077 3)
538 3005 791 3076 quoniam
840 3021 905 3059 eo
947 3004 1152 3058 miseri·
1975 2999 2154 3062 0120,
2176 2999 2209 3052 6
2228 3011 2398 3066 eoque
2411 2989 2543 3048 mali
2552 3005 2681 3047 ven-

406 3095 561 3132 arum
598 3084 854 3132 venturus
890 3093 1038 3131 eram
1937 3078 2071 3137 tum,
2108 3074 2173 3126 ut

439 3151 498 3220 ¹7)
519 3149 851 3205 deformatus
880 3148 1152 3204 aerumnis
1172 3220 1190 3272 l
1207 3146 1299 3229 ΙΙΙ.
1315 3148 1377 3230 u.
1417 3144 1784 3202 deformatum
1801 3145 1916 3215 jam

1192 3234 1408 3274 acmmis

444 3290 501 3357 9)
547 3307 845 3359 numquam
891 3309 1022 3358 ergo
1075 3290 1151 3345 fa·
1208 3291 1256 3347 V
1296 3294 1329 3343 2
1377 3304 1672 3357 numquam
1726 3288 1916 3343 civitas

406 3362 559 3416 milia
594 3367 781 3416 nostra
798 3362 980 3430 quieta
1007 3362 1151 3416 erit‘?
1171 3366 1356 3416 nostra
1396 3401 1409 3414 .
1452 3400 1466 3414 .
1507 3403 1517 3412 .
1568 3358 1641 3413 ad
1675 3360 1916 3428 requiem

406 3449 692 3501 semperne
759 3433 817 3486 in
887 3433 1150 3502 sanguine
1172 3432 1408 3503 emersit,
1443 3448 1740 3500 usquamne
1759 3432 1915 3486 nobis

406 3503 548 3559 ferro
584 3504 716 3574 fuga
751 3506 1094 3560 vorsabitur‘?
1172 3505 1386 3560 defuere
1434 3503 1592 3556 fletus
1627 3508 1721 3557 aut
1756 3504 1916 3558 sociis

1170 3576 1488 3632 imminutae
1538 3574 1915 3629 calamitates?

448 3646 535 3716 10)
572 3645 704 3702 laeti
738 3662 932 3717 pacem
978 3647 1148 3719 agita·
1204 3648 1252 3703 V
1278 3651 1341 3701 11
1373 3662 1567 3716 paoem
1591 3649 1752 3714 atque
1785 3647 1916 3700 ami·

404 3720 600 3776 bamus
1170 3720 1357 3776 citiam
1393 3718 1673 3787 agitavere

445 3790 534 3859 11)
559 3807 790 3862 regnum
802 3791 915 3845 e‘us
932 3790 1151 3847 sceleris
1206 3793 1233 3847 1
1268 3792 1301 3845 5
1337 3789 1646 3845 universam
1693 3787 1915 3842 domum

405 3862 491 3919 sui
523 3863 785 3933 praedam
842 3863 952 3930 ecit
1171 3864 1285 3934 ejus
1319 3862 1377 3916 in
1396 3862 1589 3946 ‘scelus
1634 3862 1916 3930 proprium

442 4007 718 4061 extorrem
754 4004 931 4073 patria
968 4005 1148 4070 domo,
1170 3937 1437 3993 convertlt
1972 3994 2078 4052 ΟΠ
2092 3997 2180 4064 30,
2199 3993 2234 4049 8
2247 3995 2490 4048 extorres
2506 3992 2686 4076 patria

404 4078 627 4162 inopem
654 4079 712 4130 et
735 4080 1029 4159 ‘copertum
1050 4076 1149 4130 mi-
1934 4085 2034 4140 per
2064 4066 2263 4152 ‘orbem
2279 4066 2548 4188 teglarum
2577 4063 2683 4119 dis·

404 4166 558 4290 ⁸3¹3?
580 4146 779 4273 (ιθὶῗιθιξὶιιι
796 4218 855 4272 in
888 4216 1148 4280 tenebris,
1937 4152 2468 4284 pssdmllGYGZnffiritur
2483 4204 2684 4262 misero

399 4303 526 4342 cum
577 4305 824 4344 maerore
887 4292 944 4344 et
995 4288 1145 4343 luctu
1932 4298 2130 4354 genere
2142 4277 2435 4349 languoris,
2454 4282 2513 4333 et
2522 4276 2672 4349 quod

399 4361 577 4438 morte
621 4360 926 4427 graviorem
972 4358 1141 4413 vitam
1928 4357 2050 4424 ipsa
2081 4354 2167 4406 est
2200 4354 2380 4406 morte
2395 4350 2671 4409 crudelius

394 4430 618 4498 exigunt
1936 4422 2228 4481 ...vivit
