<?xml version="1.0" encoding="UTF-8"?>
<!DOCTYPE html PUBLIC "-//W3C//DTD XHTML 1.0 Transitional//EN"
    "http://www.w3.org/TR/xhtml1/DTD/xhtml1-transitional.dtd">
<html xmlns="http://www.w3.org/1999/xhtml" xml:lang="en" lang="en">
 <head>
  <title>
</title>
<meta http-equiv="Content-Type" content="text/html;charset=utf-8" />
  <meta name='ocr-system' content='tesseract 3.04.00' />
  <meta name='ocr-capabilities' content='ocr_page ocr_carea ocr_par ocr_line ocrx_word'/>
</head>
<body>
  <div class='ocr_page' id='page_1' title='image "./quaestionessall01pratgoog_0063.png"; bbox 0 0 3000 4792; ppageno 0'>
   <div class='ocr_carea' id='block_1_1' title="bbox 1438 215 1522 279">
    <p class='ocr_par' dir='ltr' id='par_1_1' title="bbox 1438 215 1522 279">
     <span class='ocr_line' id='line_1_1' title="bbox 1438 215 1522 279; baseline 0.012 -1"><span class='ocrx_word' id='word_1_1' title='bbox 1438 215 1522 279; x_wconf 84' lang='lat'><strong>59</strong></span> 
     </span>
    </p>
   </div>
   <div class='ocr_carea' id='block_1_2' title="bbox 652 385 2674 469">
    <p class='ocr_par' dir='ltr' id='par_1_2' title="bbox 652 385 2674 469">
     <span class='ocr_line' id='line_1_2' title="bbox 652 385 2674 469; baseline 0.002 -19"><span class='ocrx_word' id='word_1_2' title='bbox 652 387 768 463; x_wconf 80' lang='lat'><strong>25,-</strong></span> <span class='ocrx_word' id='word_1_3' title='bbox 837 386 869 450; x_wconf 91' lang='lat'>1</span> <span class='ocrx_word' id='word_1_4' title='bbox 963 386 1153 467; x_wconf 79' lang='lat' dir='ltr'><strong>»quia</strong></span> <span class='ocrx_word' id='word_1_5' title='bbox 1229 386 1366 469; x_wconf 88' lang='lat' dir='ltr'><strong>jam</strong></span> <span class='ocrx_word' id='word_1_6' title='bbox 1448 385 1718 450; x_wconf 80' lang='lat' dir='ltr'><strong>ardebat</strong></span> <span class='ocrx_word' id='word_1_7' title='bbox 1802 386 2053 451; x_wconf 89' lang='lat' dir='ltr'><strong>animus</strong></span> <span class='ocrx_word' id='word_1_8' title='bbox 2134 388 2334 453; x_wconf 83' lang='lat' dir='ltr'><strong>vitam</strong></span> <span class='ocrx_word' id='word_1_9' title='bbox 2407 387 2582 452; x_wconf 90' lang='lat' dir='ltr'><strong>illius</strong></span> <span class='ocrx_word' id='word_1_10' title='bbox 2665 444 2674 455; x_wconf 92' lang='lat'>.</span> 
     </span>
    </p>
   </div>
   <div class='ocr_carea' id='block_1_3' title="bbox 305 491 2583 1199">
    <p class='ocr_par' dir='ltr' id='par_1_3' title="bbox 305 491 2583 1199">
     <span class='ocr_line' id='line_1_3' title="bbox 656 491 973 556; baseline -0.022 -1"><span class='ocrx_word' id='word_1_11' title='bbox 656 491 973 556; x_wconf 75' lang='lat' dir='ltr'><strong>scribere«</strong></span> 
     </span>
     <span class='ocr_line' id='line_1_4' title="bbox 308 591 2580 678; baseline -0.001 -18"><span class='ocrx_word' id='word_1_12' title='bbox 308 595 775 660; x_wconf 69' lang='lat' dir='ltr'><strong>nominativum</strong></span> <span class='ocrx_word' id='word_1_13' title='bbox 859 595 1186 659; x_wconf 75' lang='lat' dir='ltr'><strong>›animus‹</strong></span> <span class='ocrx_word' id='word_1_14' title='bbox 1263 592 1389 657; x_wconf 90' lang='lat' dir='ltr'><strong>nisi</strong></span> <span class='ocrx_word' id='word_1_15' title='bbox 1451 591 1623 657; x_wconf 91' lang='lat' dir='ltr'><strong>hunc</strong></span> <span class='ocrx_word' id='word_1_16' title='bbox 1690 615 1907 659; x_wconf 86' lang='lat' dir='ltr'><strong>casum</strong></span> <span class='ocrx_word' id='word_1_17' title='bbox 1974 595 2039 659; x_wconf 92' lang='lat' dir='ltr'><strong>in</strong></span> <span class='ocrx_word' id='word_1_18' title='bbox 2106 616 2221 659; x_wconf 86' lang='lat' dir='ltr'><strong>suo</strong></span> <span class='ocrx_word' id='word_1_19' title='bbox 2287 595 2580 678; x_wconf 84' lang='lat' dir='ltr'><strong>exemplo</strong></span> 
     </span>
     <span class='ocr_line' id='line_1_5' title="bbox 308 696 2578 782; baseline -0.002 -17"><span class='ocrx_word' id='word_1_20' title='bbox 308 699 698 765; x_wconf 85' lang='lat' dir='ltr'><strong>Sallustiano</strong></span> <span class='ocrx_word' id='word_1_21' title='bbox 767 698 1026 782; x_wconf 73' lang='lat' dir='ltr'><strong>legisset</strong></span> <span class='ocrx_word' id='word_1_22' title='bbox 1045 747 1060 777; x_wconf 94' lang='lat'><strong>,</strong></span> <span class='ocrx_word' id='word_1_23' title='bbox 1137 717 1267 773; x_wconf 84' lang='lat' dir='ltr'><strong>non</strong></span> <span class='ocrx_word' id='word_1_24' title='bbox 1334 696 1726 780; x_wconf 88' lang='lat' dir='ltr'><strong>scripturum</strong></span> <span class='ocrx_word' id='word_1_25' title='bbox 1791 697 1987 763; x_wconf 81' lang='lat' dir='ltr'><strong>fuisse</strong></span> <span class='ocrx_word' id='word_1_26' title='bbox 2053 698 2396 762; x_wconf 86' lang='lat' dir='ltr'><strong>verisimile</strong></span> <span class='ocrx_word' id='word_1_27' title='bbox 2464 699 2578 762; x_wconf 88' lang='lat' dir='ltr'><strong>est.</strong></span> 
     </span>
     <span class='ocr_line' id='line_1_6' title="bbox 306 801 2583 886; baseline 0.001 -19"><span class='ocrx_word' id='word_1_28' title='bbox 306 803 489 878; x_wconf 82' lang='lat' dir='ltr'><strong>Quod</strong></span> <span class='ocrx_word' id='word_1_29' title='bbox 551 805 606 868; x_wconf 89' lang='lat' dir='ltr'><strong>si</strong></span> <span class='ocrx_word' id='word_1_30' title='bbox 667 805 839 867; x_wconf 88' lang='lat' dir='ltr'><strong>recte</strong></span> <span class='ocrx_word' id='word_1_31' title='bbox 885 802 1228 867; x_wconf 76' lang='lat' dir='ltr'><strong>statuimus</strong></span> <span class='ocrx_word' id='word_1_32' title='bbox 1245 848 1261 878; x_wconf 89' lang='lat'><strong>,</strong></span> <span class='ocrx_word' id='word_1_33' title='bbox 1322 801 1422 865; x_wconf 83' lang='lat' dir='ltr'><strong>vel</strong></span> <span class='ocrx_word' id='word_1_34' title='bbox 1466 804 1695 867; x_wconf 88' lang='lat' dir='ltr'><strong>contra</strong></span> <span class='ocrx_word' id='word_1_35' title='bbox 1738 801 1902 867; x_wconf 89' lang='lat' dir='ltr'><strong>Pum</strong></span> <span class='ocrx_word' id='word_1_36' title='bbox 1949 806 2016 866; x_wconf 90' lang='lat' dir='ltr'><strong>et</strong></span> <span class='ocrx_word' id='word_1_37' title='bbox 2060 803 2339 886; x_wconf 89' lang='lat' dir='ltr'><strong>optimos</strong></span> <span class='ocrx_word' id='word_1_38' title='bbox 2380 802 2583 869; x_wconf 90' lang='lat' dir='ltr'><strong>libros</strong></span> 
     </span>
     <span class='ocr_line' id='line_1_7' title="bbox 305 903 2580 994; baseline -0.001 -22"><span class='ocrx_word' id='word_1_39' title='bbox 305 908 621 994; x_wconf 75' lang='lat' dir='ltr'><strong>scriptura</strong></span> <span class='ocrx_word' id='word_1_40' title='bbox 667 907 959 971; x_wconf 83' lang='lat' dir='ltr'><strong>»animus</strong></span> <span class='ocrx_word' id='word_1_41' title='bbox 1002 904 1302 969; x_wconf 61' lang='lat' dir='ltr'><strong>ardebat-e</strong></span> <span class='ocrx_word' id='word_1_42' title='bbox 1352 925 1502 969; x_wconf 84' lang='lat' dir='ltr'><strong>vera</strong></span> <span class='ocrx_word' id='word_1_43' title='bbox 1530 903 1796 971; x_wconf 86' lang='lat' dir='ltr'><strong>Sallusti</strong></span> <span class='ocrx_word' id='word_1_44' title='bbox 1841 927 2067 970; x_wconf 90' lang='lat' dir='ltr'><strong>manus</strong></span> <span class='ocrx_word' id='word_1_45' title='bbox 2112 905 2407 971; x_wconf 85' lang='lat' dir='ltr'><strong>habenda</strong></span> <span class='ocrx_word' id='word_1_46' title='bbox 2435 909 2580 985; x_wconf 89' lang='lat' dir='ltr'><strong>erit,</strong></span> 
     </span>
     <span class='ocr_line' id='line_1_8' title="bbox 306 1007 2583 1096; baseline -0.001 -20"><span class='ocrx_word' id='word_1_47' title='bbox 306 1010 684 1096; x_wconf 81' lang='lat' dir='ltr'><strong>praesertim</strong></span> <span class='ocrx_word' id='word_1_48' title='bbox 742 1031 888 1075; x_wconf 91' lang='lat' dir='ltr'><strong>cum</strong></span> <span class='ocrx_word' id='word_1_49' title='bbox 948 1010 1146 1074; x_wconf 82' lang='lat' dir='ltr'><strong>codex</strong></span> <span class='ocrx_word' id='word_1_50' title='bbox 1190 1007 1586 1073; x_wconf 86' lang='lat' dir='ltr'><strong>Veronensis</strong></span> <span class='ocrx_word' id='word_1_51' title='bbox 1630 1007 1879 1088; x_wconf 82' lang='lat' dir='ltr'><strong>Severi,</strong></span> <span class='ocrx_word' id='word_1_52' title='bbox 1947 1010 2060 1095; x_wconf 89' lang='lat' dir='ltr'><strong>qui</strong></span> <span class='ocrx_word' id='word_1_53' title='bbox 2117 1011 2394 1095; x_wconf 90' lang='lat' dir='ltr'><strong>septimo</strong></span> <span class='ocrx_word' id='word_1_54' title='bbox 2444 1011 2583 1094; x_wconf 87' lang='lat' dir='ltr'><strong>jam</strong></span> 
     </span>
     <span class='ocr_line' id='line_1_9' title="bbox 305 1109 2578 1199; baseline -0.002 -18"><span class='ocrx_word' id='word_1_55' title='bbox 305 1116 557 1181; x_wconf 86' lang='lat' dir='ltr'><strong>saeculo</strong></span> <span class='ocrx_word' id='word_1_56' title='bbox 603 1114 880 1198; x_wconf 88' lang='lat' dir='ltr'><strong>scriptus</strong></span> <span class='ocrx_word' id='word_1_57' title='bbox 904 1115 1021 1192; x_wconf 88' lang='lat' dir='ltr'><strong>est,</strong></span> <span class='ocrx_word' id='word_1_58' title='bbox 1066 1111 1232 1175; x_wconf 91' lang='lat' dir='ltr'><strong>Pum</strong></span> <span class='ocrx_word' id='word_1_59' title='bbox 1251 1109 1715 1177; x_wconf 87' lang='lat' dir='ltr'><strong>Sallustianum</strong></span> <span class='ocrx_word' id='word_1_60' title='bbox 1741 1115 2057 1179; x_wconf 87' lang='lat' dir='ltr'><strong>vetustate</strong></span> <span class='ocrx_word' id='word_1_61' title='bbox 2084 1114 2277 1198; x_wconf 84' lang='lat' dir='ltr'><strong>longe</strong></span> <span class='ocrx_word' id='word_1_62' title='bbox 2301 1117 2578 1199; x_wconf 82' lang='lat' dir='ltr'><strong>superet.</strong></span> 
     </span>
    </p>
   </div>
   <div class='ocr_carea' id='block_1_4' title="bbox 1246 1345 1663 1431">
    <p class='ocr_par' dir='ltr' id='par_1_4' title="bbox 1246 1345 1663 1431">
     <span class='ocr_line' id='line_1_10' title="bbox 1246 1345 1663 1431; baseline 0.002 -19"><span class='ocrx_word' id='word_1_63' title='bbox 1246 1345 1404 1431; x_wconf 69' lang='lat' dir='ltr'><strong>Jug.</strong></span> <span class='ocrx_word' id='word_1_64' title='bbox 1451 1347 1555 1424; x_wconf 83' lang='lat'><strong>32,</strong></span> <span class='ocrx_word' id='word_1_65' title='bbox 1605 1348 1663 1414; x_wconf 89' lang='grc'><strong>1.</strong></span> 
     </span>
    </p>
   </div>
   <div class='ocr_carea' id='block_1_5' title="bbox 304 1533 2587 4323">
    <p class='ocr_par' dir='ltr' id='par_1_5' title="bbox 483 1533 2583 1621">
     <span class='ocr_line' id='line_1_11' title="bbox 483 1533 2583 1621; baseline 0.001 -21"><span class='ocrx_word' id='word_1_66' title='bbox 483 1535 767 1602; x_wconf 90' lang='lat' dir='ltr'><strong>Memmii</strong></span> <span class='ocrx_word' id='word_1_67' title='bbox 822 1537 1050 1602; x_wconf 86' lang='lat' dir='ltr'><strong>contra</strong></span> <span class='ocrx_word' id='word_1_68' title='bbox 1109 1533 1518 1599; x_wconf 87' lang='lat' dir='ltr'><strong>nobilitatem</strong></span> <span class='ocrx_word' id='word_1_69' title='bbox 1565 1534 1858 1599; x_wconf 87' lang='lat' dir='ltr'><strong>oratione</strong></span> <span class='ocrx_word' id='word_1_70' title='bbox 1922 1537 2275 1621; x_wconf 87' lang='lat' dir='ltr'><strong>perscripta</strong></span> <span class='ocrx_word' id='word_1_71' title='bbox 2316 1536 2583 1603; x_wconf 84' lang='lat' dir='ltr'><strong>historia</strong></span> 
     </span>
    </p>

    <p class='ocr_par' dir='ltr' id='par_1_6' title="bbox 308 1637 1776 1726">
     <span class='ocr_line' id='line_1_12' title="bbox 308 1637 1776 1726; baseline -0.003 -20"><span class='ocrx_word' id='word_1_72' title='bbox 308 1642 464 1706; x_wconf 89' lang='lat' dir='ltr'><strong>belli</strong></span> <span class='ocrx_word' id='word_1_73' title='bbox 504 1640 881 1726; x_wconf 85' lang='lat' dir='ltr'><strong>Jugarthini</strong></span> <span class='ocrx_word' id='word_1_74' title='bbox 923 1639 1026 1704; x_wconf 91' lang='lat' dir='ltr'><strong>his</strong></span> <span class='ocrx_word' id='word_1_75' title='bbox 1069 1638 1486 1707; x_wconf 82' lang='lat' dir='ltr'><strong>continuatur</strong></span> <span class='ocrx_word' id='word_1_76' title='bbox 1532 1637 1776 1703; x_wconf 86' lang='lat' dir='ltr'><strong>verbis:</strong></span> 
     </span>
    </p>

    <p class='ocr_par' dir='ltr' id='par_1_7' title="bbox 658 1741 2582 1827">
     <span class='ocr_line' id='line_1_13' title="bbox 658 1741 2582 1827; baseline 0.002 -23"><span class='ocrx_word' id='word_1_77' title='bbox 658 1742 870 1808; x_wconf 80' lang='lat' dir='ltr'><strong>»Haec</strong></span> <span class='ocrx_word' id='word_1_78' title='bbox 957 1744 1152 1826; x_wconf 87' lang='lat' dir='ltr'><strong>atque</strong></span> <span class='ocrx_word' id='word_1_79' title='bbox 1238 1741 1365 1806; x_wconf 90' lang='lat' dir='ltr'><strong>alia</strong></span> <span class='ocrx_word' id='word_1_80' title='bbox 1456 1741 1898 1826; x_wconf 89' lang='lat' dir='ltr'><strong>hujuscemodi</strong></span> <span class='ocrx_word' id='word_1_81' title='bbox 1976 1764 2166 1827; x_wconf 86' lang='lat' dir='ltr'><strong>saepe</strong></span> <span class='ocrx_word' id='word_1_82' title='bbox 2243 1743 2582 1808; x_wconf 86' lang='lat' dir='ltr'><strong>indicendo</strong></span> 
     </span>
    </p>

    <p class='ocr_par' dir='ltr' id='par_1_8' title="bbox 650 1843 2583 1932">
     <span class='ocr_line' id='line_1_14' title="bbox 650 1843 2583 1932; baseline -0.001 -20"><span class='ocrx_word' id='word_1_83' title='bbox 650 1843 991 1915; x_wconf 89' lang='lat' dir='ltr'><strong>Memmius</strong></span> <span class='ocrx_word' id='word_1_84' title='bbox 1034 1846 1274 1932; x_wconf 89' lang='lat' dir='ltr'><strong>populo</strong></span> <span class='ocrx_word' id='word_1_85' title='bbox 1320 1845 1678 1930; x_wconf 84' lang='lat' dir='ltr'><strong>persuadet,</strong></span> <span class='ocrx_word' id='word_1_86' title='bbox 1724 1847 1821 1910; x_wconf 90' lang='lat' dir='ltr'><strong>uti</strong></span> <span class='ocrx_word' id='word_1_87' title='bbox 1862 1844 1938 1910; x_wconf 86' lang='lat' dir='ltr'><strong>L.</strong></span> <span class='ocrx_word' id='word_1_88' title='bbox 1964 1845 2242 1929; x_wconf 83' lang='lat' dir='ltr'><strong>Cassius,</strong></span> <span class='ocrx_word' id='word_1_89' title='bbox 2287 1849 2400 1931; x_wconf 90' lang='lat' dir='ltr'><strong>qui</strong></span> <span class='ocrx_word' id='word_1_90' title='bbox 2442 1850 2583 1912; x_wconf 90' lang='lat' dir='ltr'><strong>tum</strong></span> 
     </span>
    </p>

    <p class='ocr_par' dir='ltr' id='par_1_9' title="bbox 653 1948 2582 2036">
     <span class='ocr_line' id='line_1_15' title="bbox 653 1948 2582 2036; baseline 0.001 -21"><span class='ocrx_word' id='word_1_91' title='bbox 653 1953 913 2036; x_wconf 89' lang='lat' dir='ltr'><strong>praetor</strong></span> <span class='ocrx_word' id='word_1_92' title='bbox 985 1953 1127 2016; x_wconf 90' lang='lat' dir='ltr'><strong>erat</strong></span> <span class='ocrx_word' id='word_1_93' title='bbox 1144 1998 1161 2029; x_wconf 87' lang='lat'>‚</span> <span class='ocrx_word' id='word_1_94' title='bbox 1233 1950 1313 2014; x_wconf 86' lang='lat' dir='ltr'><strong>ad</strong></span> <span class='ocrx_word' id='word_1_95' title='bbox 1371 1948 1770 2034; x_wconf 82' lang='lat' dir='ltr'><strong>Jugurtham</strong></span> <span class='ocrx_word' id='word_1_96' title='bbox 1840 1950 2236 2030; x_wconf 84' lang='lat' dir='ltr'><strong>mitteretur,</strong></span> <span class='ocrx_word' id='word_1_97' title='bbox 2309 1973 2582 2035; x_wconf 89' lang='lat' dir='ltr'><strong>eumque</strong></span> 
     </span>
    </p>

    <p class='ocr_par' dir='ltr' id='par_1_10' title="bbox 305 2052 2587 3171">
     <span class='ocr_line' id='line_1_16' title="bbox 651 2052 2165 2140; baseline -0.005 -21"><span class='ocrx_word' id='word_1_98' title='bbox 651 2055 1036 2140; x_wconf 89' lang='lat' dir='ltr'><strong>interposita</strong></span> <span class='ocrx_word' id='word_1_99' title='bbox 1078 2053 1204 2119; x_wconf 87' lang='lat' dir='ltr'><strong>fide</strong></span> <span class='ocrx_word' id='word_1_100' title='bbox 1249 2053 1510 2138; x_wconf 89' lang='lat' dir='ltr'><strong>publica</strong></span> <span class='ocrx_word' id='word_1_101' title='bbox 1553 2052 1825 2119; x_wconf 84' lang='lat' dir='ltr'><strong>Romam</strong></span> <span class='ocrx_word' id='word_1_102' title='bbox 1867 2053 2165 2119; x_wconf 77' lang='lat' dir='ltr'><strong>duceret«</strong></span> 
     </span>
     <span class='ocr_line' id='line_1_17' title="bbox 313 2155 2584 2241; baseline 0 -17"><span class='ocrx_word' id='word_1_103' title='bbox 313 2159 730 2224; x_wconf 76' lang='lat' dir='ltr'><strong>»indicendo«</strong></span> <span class='ocrx_word' id='word_1_104' title='bbox 776 2159 1101 2224; x_wconf 87' lang='lat' dir='ltr'><strong>invenitur</strong></span> <span class='ocrx_word' id='word_1_105' title='bbox 1142 2157 1213 2221; x_wconf 90' lang='lat' dir='ltr'><strong>in</strong></span> <span class='ocrx_word' id='word_1_106' title='bbox 1259 2156 1351 2221; x_wconf 90' lang='lat' dir='ltr'><strong>Po</strong></span> <span class='ocrx_word' id='word_1_107' title='bbox 1396 2159 1464 2222; x_wconf 92' lang='lat' dir='ltr'><strong>et</strong></span> <span class='ocrx_word' id='word_1_108' title='bbox 1510 2155 1577 2222; x_wconf 84' lang='lat' dir='ltr'><strong>O.</strong></span> <span class='ocrx_word' id='word_1_109' title='bbox 1629 2158 1982 2241; x_wconf 89' lang='lat' dir='ltr'><strong>plerisque;</strong></span> <span class='ocrx_word' id='word_1_110' title='bbox 2025 2159 2095 2223; x_wconf 91' lang='lat' dir='ltr'><strong>in</strong></span> <span class='ocrx_word' id='word_1_111' title='bbox 2137 2158 2232 2224; x_wconf 90' lang='lat' dir='ltr'><strong>Po</strong></span> <span class='ocrx_word' id='word_1_112' title='bbox 2254 2157 2275 2195; x_wconf 90' lang='lat'>¹</span> <span class='ocrx_word' id='word_1_113' title='bbox 2324 2160 2584 2225; x_wconf 79' lang='lat' dir='ltr'><strong>»dicuu-</strong></span> 
     </span>
     <span class='ocr_line' id='line_1_18' title="bbox 309 2260 2584 2346; baseline 0 -19"><span class='ocrx_word' id='word_1_114' title='bbox 309 2264 472 2339; x_wconf 85' lang='lat' dir='ltr'><strong>do‹;</strong></span> <span class='ocrx_word' id='word_1_115' title='bbox 523 2263 866 2329; x_wconf 81' lang='lat' dir='ltr'><strong>›dicendo‹</strong></span> <span class='ocrx_word' id='word_1_116' title='bbox 913 2263 981 2326; x_wconf 89' lang='lat' dir='ltr'><strong>in</strong></span> <span class='ocrx_word' id='word_1_117' title='bbox 1017 2261 1086 2328; x_wconf 87' lang='lat' dir='ltr'><strong>C.</strong></span> <span class='ocrx_word' id='word_1_118' title='bbox 1131 2260 1417 2344; x_wconf 81' lang='lat' dir='ltr'><strong>reliquis.</strong></span> <span class='ocrx_word' id='word_1_119' title='bbox 1504 2260 1653 2326; x_wconf 82' lang='lat' dir='ltr'><strong>Jam</strong></span> <span class='ocrx_word' id='word_1_120' title='bbox 1696 2282 1844 2326; x_wconf 92' lang='lat' dir='ltr'><strong>cum</strong></span> <span class='ocrx_word' id='word_1_121' title='bbox 1876 2262 2268 2346; x_wconf 89' lang='lat' dir='ltr'><strong>optimorum</strong></span> <span class='ocrx_word' id='word_1_122' title='bbox 2294 2265 2584 2329; x_wconf 88' lang='lat' dir='ltr'><strong>codicum</strong></span> 
     </span>
     <span class='ocr_line' id='line_1_19' title="bbox 308 2358 2582 2452; baseline 0 -20"><span class='ocrx_word' id='word_1_123' title='bbox 308 2358 629 2452; x_wconf 81' lang='lat' dir='ltr'><strong>scriptura</strong></span> <span class='ocrx_word' id='word_1_124' title='bbox 699 2365 1113 2433; x_wconf 78' lang='lat' dir='ltr'><strong>›indicendo‹</strong></span> <span class='ocrx_word' id='word_1_125' title='bbox 1185 2365 1590 2430; x_wconf 84' lang='lat' dir='ltr'><strong>antecedenti</strong></span> <span class='ocrx_word' id='word_1_126' title='bbox 1633 2364 1922 2430; x_wconf 89' lang='lat' dir='ltr'><strong>Memmii</strong></span> <span class='ocrx_word' id='word_1_127' title='bbox 1980 2366 2260 2430; x_wconf 88' lang='lat' dir='ltr'><strong>orationi</strong></span> <span class='ocrx_word' id='word_1_128' title='bbox 2318 2369 2582 2433; x_wconf 91' lang='lat' dir='ltr'><strong>minime</strong></span> 
     </span>
     <span class='ocr_line' id='line_1_20' title="bbox 305 2467 2583 2555; baseline -0 -19"><span class='ocrx_word' id='word_1_129' title='bbox 305 2471 666 2549; x_wconf 87' lang='lat' dir='ltr'><strong>conveniat,</strong></span> <span class='ocrx_word' id='word_1_130' title='bbox 725 2491 935 2555; x_wconf 89' lang='lat' dir='ltr'><strong>neque</strong></span> <span class='ocrx_word' id='word_1_131' title='bbox 976 2471 1197 2534; x_wconf 88' lang='lat' dir='ltr'><strong>tamen</strong></span> <span class='ocrx_word' id='word_1_132' title='bbox 1240 2489 1369 2554; x_wconf 89' lang='lat' dir='ltr'><strong>quo</strong></span> <span class='ocrx_word' id='word_1_133' title='bbox 1414 2468 1604 2533; x_wconf 89' lang='lat' dir='ltr'><strong>modo</strong></span> <span class='ocrx_word' id='word_1_134' title='bbox 1649 2467 1898 2551; x_wconf 81' lang='lat' dir='ltr'><strong>syllaba</strong></span> <span class='ocrx_word' id='word_1_135' title='bbox 1945 2468 2093 2532; x_wconf 78' lang='lat' dir='ltr'><strong>»in«</strong></span> <span class='ocrx_word' id='word_1_136' title='bbox 2137 2469 2473 2555; x_wconf 86' lang='lat' dir='ltr'><strong>irrepserit</strong></span> <span class='ocrx_word' id='word_1_137' title='bbox 2513 2472 2583 2535; x_wconf 90' lang='lat' dir='ltr'><strong>in</strong></span> 
     </span>
     <span class='ocr_line' id='line_1_21' title="bbox 305 2573 2582 2661; baseline 0 -21"><span class='ocrx_word' id='word_1_138' title='bbox 305 2578 554 2640; x_wconf 84' lang='lat' dir='ltr'><strong>textum</strong></span> <span class='ocrx_word' id='word_1_139' title='bbox 601 2577 930 2661; x_wconf 86' lang='lat' dir='ltr'><strong>appareat,</strong></span> <span class='ocrx_word' id='word_1_140' title='bbox 974 2574 1368 2658; x_wconf 88' lang='lat' dir='ltr'><strong>reliquorum</strong></span> <span class='ocrx_word' id='word_1_141' title='bbox 1410 2573 1699 2637; x_wconf 88' lang='lat' dir='ltr'><strong>codicum</strong></span> <span class='ocrx_word' id='word_1_142' title='bbox 1726 2573 2022 2639; x_wconf 88' lang='lat' dir='ltr'><strong>librarios</strong></span> <span class='ocrx_word' id='word_1_143' title='bbox 2044 2578 2409 2660; x_wconf 87' lang='lat' dir='ltr'><strong>corruptam</strong></span> <span class='ocrx_word' id='word_1_144' title='bbox 2448 2577 2582 2660; x_wconf 87' lang='lat' dir='ltr'><strong>jam</strong></span> 
     </span>
     <span class='ocr_line' id='line_1_22' title="bbox 312 2672 2585 2764; baseline 0.003 -24"><span class='ocrx_word' id='word_1_145' title='bbox 312 2678 642 2764; x_wconf 83' lang='lat' dir='ltr'><strong>archetypi</strong></span> <span class='ocrx_word' id='word_1_146' title='bbox 686 2679 1072 2764; x_wconf 85' lang='lat' dir='ltr'><strong>scripturam</strong></span> <span class='ocrx_word' id='word_1_147' title='bbox 1116 2678 1482 2749; x_wconf 88' lang='lat' dir='ltr'><strong>emendasse</strong></span> <span class='ocrx_word' id='word_1_148' title='bbox 1525 2677 1741 2762; x_wconf 87' lang='lat' dir='ltr'><strong>potius</strong></span> <span class='ocrx_word' id='word_1_149' title='bbox 1784 2699 1979 2762; x_wconf 91' lang='lat' dir='ltr'><strong>quam</strong></span> <span class='ocrx_word' id='word_1_150' title='bbox 2006 2700 2221 2745; x_wconf 81' lang='lat' dir='ltr'><strong>veram</strong></span> <span class='ocrx_word' id='word_1_151' title='bbox 2246 2672 2585 2746; x_wconf 77' lang='lat' dir='ltr'><strong>retinuisse</strong></span> 
     </span>
     <span class='ocr_line' id='line_1_23' title="bbox 311 2780 2585 2866; baseline 0.002 -23"><span class='ocrx_word' id='word_1_152' title='bbox 311 2780 721 2848; x_wconf 88' lang='lat' dir='ltr'><strong>arbitramur.</strong></span> <span class='ocrx_word' id='word_1_153' title='bbox 807 2782 896 2847; x_wconf 88' lang='lat' dir='ltr'><strong>Et</strong></span> <span class='ocrx_word' id='word_1_154' title='bbox 955 2783 1245 2866; x_wconf 82' lang='lat' dir='ltr'><strong>quamvis</strong></span> <span class='ocrx_word' id='word_1_155' title='bbox 1263 2830 1279 2861; x_wconf 94' lang='lat'><strong>,</strong></span> <span class='ocrx_word' id='word_1_156' title='bbox 1351 2781 1523 2866; x_wconf 91' lang='lat' dir='ltr'><strong>quod</strong></span> <span class='ocrx_word' id='word_1_157' title='bbox 1577 2781 1904 2848; x_wconf 86' lang='lat' dir='ltr'><strong>Jordanus</strong></span> <span class='ocrx_word' id='word_1_158' title='bbox 1962 2783 2275 2866; x_wconf 81' lang='lat' dir='ltr'><strong>syllabam</strong></span> <span class='ocrx_word' id='word_1_159' title='bbox 2338 2785 2485 2849; x_wconf 77' lang='lat' dir='ltr'><strong>»in«</strong></span> <span class='ocrx_word' id='word_1_160' title='bbox 2550 2807 2585 2848; x_wconf 94' lang='lat' dir='ltr'><strong>e</strong></span> 
     </span>
     <span class='ocr_line' id='line_1_24' title="bbox 312 2887 2585 2978; baseline 0.003 -30"><span class='ocrx_word' id='word_1_161' title='bbox 312 2887 732 2969; x_wconf 83' lang='lat' dir='ltr'><strong>comparativi</strong></span> <span class='ocrx_word' id='word_1_162' title='bbox 782 2888 1112 2971; x_wconf 75' lang='lat' dir='ltr'><strong>»saepius«</strong></span> <span class='ocrx_word' id='word_1_163' title='bbox 1159 2887 1339 2952; x_wconf 85' lang='lat' dir='ltr'><strong>exitu</strong></span> <span class='ocrx_word' id='word_1_164' title='bbox 1383 2889 1593 2952; x_wconf 84' lang='lat' dir='ltr'><strong>ortam</strong></span> <span class='ocrx_word' id='word_1_165' title='bbox 1636 2908 1771 2952; x_wconf 90' lang='lat' dir='ltr'><strong>esse</strong></span> <span class='ocrx_word' id='word_1_166' title='bbox 1811 2888 2171 2972; x_wconf 87' lang='lat' dir='ltr'><strong>suspicatus</strong></span> <span class='ocrx_word' id='word_1_167' title='bbox 2194 2890 2308 2978; x_wconf 86' lang='lat' dir='ltr'><strong>est,</strong></span> <span class='ocrx_word' id='word_1_168' title='bbox 2351 2889 2585 2954; x_wconf 89' lang='lat' dir='ltr'><strong>blande</strong></span> 
     </span>
     <span class='ocr_line' id='line_1_25' title="bbox 313 2989 2587 3075; baseline 0.002 -22"><span class='ocrx_word' id='word_1_169' title='bbox 313 2989 502 3054; x_wconf 78' lang='lat' dir='ltr'><strong>&#39;nobis</strong></span> <span class='ocrx_word' id='word_1_170' title='bbox 563 2990 843 3056; x_wconf 83' lang='lat' dir='ltr'><strong>arrideat</strong></span> <span class='ocrx_word' id='word_1_171' title='bbox 861 3040 877 3072; x_wconf 93' lang='lat'><strong>,</strong></span> <span class='ocrx_word' id='word_1_172' title='bbox 938 2993 1157 3055; x_wconf 90' lang='lat' dir='ltr'><strong>tamen</strong></span> <span class='ocrx_word' id='word_1_173' title='bbox 1215 2993 1483 3075; x_wconf 88' lang='lat' dir='ltr'><strong>propter</strong></span> <span class='ocrx_word' id='word_1_174' title='bbox 1528 2990 1911 3075; x_wconf 84' lang='lat' dir='ltr'><strong>Septimium</strong></span> <span class='ocrx_word' id='word_1_175' title='bbox 1928 3037 1946 3068; x_wconf 87' lang='lat'><strong>,</strong></span> <span class='ocrx_word' id='word_1_176' title='bbox 2011 2992 2125 3073; x_wconf 88' lang='lat' dir='ltr'><strong>qui</strong></span> <span class='ocrx_word' id='word_1_177' title='bbox 2189 2993 2503 3058; x_wconf 88' lang='lat' dir='ltr'><strong>orationis</strong></span> <span class='ocrx_word' id='word_1_178' title='bbox 2546 3015 2587 3057; x_wconf 92' lang='lat' dir='ltr'><strong>a</strong></span> 
     </span>
     <span class='ocr_line' id='line_1_26' title="bbox 311 3091 1592 3171; baseline 0.001 -15"><span class='ocrx_word' id='word_1_179' title='bbox 311 3091 567 3158; x_wconf 89' lang='lat' dir='ltr'><strong>Priamo</strong></span> <span class='ocrx_word' id='word_1_180' title='bbox 615 3093 875 3159; x_wconf 89' lang='lat' dir='ltr'><strong>habitae</strong></span> <span class='ocrx_word' id='word_1_181' title='bbox 919 3096 1221 3158; x_wconf 87' lang='lat' dir='ltr'><strong>eventum</strong></span> <span class='ocrx_word' id='word_1_182' title='bbox 1265 3093 1592 3171; x_wconf 86' lang='lat' dir='ltr'><strong>describit,</strong></span> 
     </span>
    </p>

    <p class='ocr_par' dir='ltr' id='par_1_11' title="bbox 650 3193 2583 3281">
     <span class='ocr_line' id='line_1_27' title="bbox 650 3193 2583 3281; baseline 0.001 -20"><span class='ocrx_word' id='word_1_183' title='bbox 650 3196 682 3261; x_wconf 95' lang='grc' dir='ltr'>Ι</span> <span class='ocrx_word' id='word_1_184' title='bbox 737 3198 777 3262; x_wconf 88' lang='lat'>6</span> <span class='ocrx_word' id='word_1_185' title='bbox 845 3196 1046 3261; x_wconf 82' lang='lat' dir='ltr'><strong>»haec</strong></span> <span class='ocrx_word' id='word_1_186' title='bbox 1102 3199 1296 3281; x_wconf 89' lang='lat' dir='ltr'><strong>atque</strong></span> <span class='ocrx_word' id='word_1_187' title='bbox 1355 3196 1482 3260; x_wconf 88' lang='lat' dir='ltr'><strong>alia</strong></span> <span class='ocrx_word' id='word_1_188' title='bbox 1544 3193 1739 3279; x_wconf 84' lang='lat' dir='ltr'><strong>hujus</strong></span> <span class='ocrx_word' id='word_1_189' title='bbox 1781 3195 1968 3263; x_wconf 91' lang='lat' dir='ltr'><strong>modi</strong></span> <span class='ocrx_word' id='word_1_190' title='bbox 2011 3196 2300 3260; x_wconf 90' lang='lat' dir='ltr'><strong>inserens</strong></span> <span class='ocrx_word' id='word_1_191' title='bbox 2340 3196 2583 3263; x_wconf 83' lang='lat' dir='ltr'><strong>differri</strong></span> 
     </span>
    </p>

    <p class='ocr_par' dir='ltr' id='par_1_12' title="bbox 304 3299 2584 4323">
     <span class='ocr_line' id='line_1_28' title="bbox 655 3299 1403 3385; baseline -0.011 -20"><span class='ocrx_word' id='word_1_192' title='bbox 655 3300 944 3385; x_wconf 90' lang='lat' dir='ltr'><strong>querelas</strong></span> <span class='ocrx_word' id='word_1_193' title='bbox 990 3348 1006 3363; x_wconf 91' lang='lat'><strong>.</strong></span> <span class='ocrx_word' id='word_1_194' title='bbox 1055 3345 1070 3363; x_wconf 87' lang='lat'><strong>.</strong></span> <span class='ocrx_word' id='word_1_195' title='bbox 1119 3347 1135 3362; x_wconf 91' lang='lat'><strong>.</strong></span> <span class='ocrx_word' id='word_1_196' title='bbox 1184 3299 1403 3384; x_wconf 78' lang='lat' dir='ltr'><strong>jubet«</strong></span> 
     </span>
     <span class='ocr_line' id='line_1_29' title="bbox 306 3401 2584 3489; baseline -0.001 -18"><span class='ocrx_word' id='word_1_197' title='bbox 306 3405 388 3471; x_wconf 87' lang='lat' dir='ltr'><strong>ab</strong></span> <span class='ocrx_word' id='word_1_198' title='bbox 434 3405 574 3489; x_wconf 89' lang='lat' dir='ltr'><strong>ipso</strong></span> <span class='ocrx_word' id='word_1_199' title='bbox 596 3402 903 3471; x_wconf 85' lang='lat' dir='ltr'><strong>Sallustio</strong></span> <span class='ocrx_word' id='word_1_200' title='bbox 952 3401 1376 3469; x_wconf 74' lang='lat' dir='ltr'><strong>»inserendo«</strong></span> <span class='ocrx_word' id='word_1_201' title='bbox 1424 3403 1526 3469; x_wconf 86' lang='lat' dir='ltr'><strong>vel</strong></span> <span class='ocrx_word' id='word_1_202' title='bbox 1574 3403 1999 3469; x_wconf 78' lang='lat' dir='ltr'><strong>»inserundo«</strong></span> <span class='ocrx_word' id='word_1_203' title='bbox 2046 3404 2357 3489; x_wconf 89' lang='lat' dir='ltr'><strong>scriptum</strong></span> <span class='ocrx_word' id='word_1_204' title='bbox 2387 3403 2584 3468; x_wconf 81' lang='lat' dir='ltr'><strong>fuisse</strong></span> 
     </span>
     <span class='ocr_line' id='line_1_30' title="bbox 304 3506 2582 3596; baseline 0 -23"><span class='ocrx_word' id='word_1_205' title='bbox 304 3508 592 3587; x_wconf 84' lang='lat' dir='ltr'><strong>dixerim,</strong></span> <span class='ocrx_word' id='word_1_206' title='bbox 624 3530 896 3594; x_wconf 90' lang='lat' dir='ltr'><strong>eamque</strong></span> <span class='ocrx_word' id='word_1_207' title='bbox 919 3508 1302 3593; x_wconf 88' lang='lat' dir='ltr'><strong>scripturam</strong></span> <span class='ocrx_word' id='word_1_208' title='bbox 1326 3508 1396 3574; x_wconf 90' lang='lat' dir='ltr'><strong>in</strong></span> <span class='ocrx_word' id='word_1_209' title='bbox 1422 3506 1839 3574; x_wconf 82' lang='lat' dir='ltr'><strong>›indicendo‹</strong></span> <span class='ocrx_word' id='word_1_210' title='bbox 1865 3511 2236 3594; x_wconf 88' lang='lat' dir='ltr'><strong>corruptam</strong></span> <span class='ocrx_word' id='word_1_211' title='bbox 2256 3512 2582 3596; x_wconf 86' lang='lat' dir='ltr'><strong>postremo</strong></span> 
     </span>
     <span class='ocr_line' id='line_1_31' title="bbox 306 3611 2582 3698; baseline 0.001 -23"><span class='ocrx_word' id='word_1_212' title='bbox 306 3611 378 3675; x_wconf 92' lang='lat' dir='ltr'><strong>in</strong></span> <span class='ocrx_word' id='word_1_213' title='bbox 427 3613 771 3680; x_wconf 78' lang='lat' dir='ltr'><strong>»dicendo«</strong></span> <span class='ocrx_word' id='word_1_214' title='bbox 822 3613 1226 3679; x_wconf 89' lang='lat' dir='ltr'><strong>emendatam</strong></span> <span class='ocrx_word' id='word_1_215' title='bbox 1256 3635 1410 3679; x_wconf 85' lang='lat' dir='ltr'><strong>esse.</strong></span> <span class='ocrx_word' id='word_1_216' title='bbox 1502 3612 1689 3688; x_wconf 79' lang='lat' dir='ltr'><strong>Quod</strong></span> <span class='ocrx_word' id='word_1_217' title='bbox 1710 3613 1959 3692; x_wconf 82' lang='lat' dir='ltr'><strong>vitium,</strong></span> <span class='ocrx_word' id='word_1_218' title='bbox 2005 3615 2061 3679; x_wconf 90' lang='lat' dir='ltr'><strong>si</strong></span> <span class='ocrx_word' id='word_1_219' title='bbox 2094 3615 2352 3698; x_wconf 88' lang='lat' dir='ltr'><strong>quidem</strong></span> <span class='ocrx_word' id='word_1_220' title='bbox 2374 3613 2582 3679; x_wconf 84' lang='lat' dir='ltr'><strong>Sallu-</strong></span> 
     </span>
     <span class='ocr_line' id='line_1_32' title="bbox 308 3715 2579 3802; baseline 0 -21"><span class='ocrx_word' id='word_1_221' title='bbox 308 3715 507 3781; x_wconf 89' lang='lat' dir='ltr'><strong>stium</strong></span> <span class='ocrx_word' id='word_1_222' title='bbox 546 3715 665 3781; x_wconf 86' lang='lat' dir='ltr'><strong>hac</strong></span> <span class='ocrx_word' id='word_1_223' title='bbox 711 3738 966 3802; x_wconf 89' lang='lat' dir='ltr'><strong>quoque</strong></span> <span class='ocrx_word' id='word_1_224' title='bbox 1008 3719 1080 3782; x_wconf 90' lang='lat' dir='ltr'><strong>in</strong></span> <span class='ocrx_word' id='word_1_225' title='bbox 1122 3739 1194 3782; x_wconf 91' lang='lat' dir='ltr'><strong>re</strong></span> <span class='ocrx_word' id='word_1_226' title='bbox 1225 3717 1461 3784; x_wconf 81' lang='lat' dir='ltr'><strong>Severo</strong></span> <span class='ocrx_word' id='word_1_227' title='bbox 1506 3718 1914 3782; x_wconf 82' lang='lat' dir='ltr'><strong>obversatum</strong></span> <span class='ocrx_word' id='word_1_228' title='bbox 1959 3717 2155 3783; x_wconf 90' lang='lat' dir='ltr'><strong>fuisse</strong></span> <span class='ocrx_word' id='word_1_229' title='bbox 2198 3717 2363 3783; x_wconf 89' lang='lat' dir='ltr'><strong>sumi</strong></span> <span class='ocrx_word' id='word_1_230' title='bbox 2407 3718 2579 3795; x_wconf 87' lang='lat' dir='ltr'><strong>licet,</strong></span> 
     </span>
     <span class='ocr_line' id='line_1_33' title="bbox 305 3819 2579 3906; baseline 0.001 -23"><span class='ocrx_word' id='word_1_231' title='bbox 305 3820 557 3885; x_wconf 86' lang='lat' dir='ltr'><strong>mature</strong></span> <span class='ocrx_word' id='word_1_232' title='bbox 605 3819 744 3902; x_wconf 88' lang='lat' dir='ltr'><strong>jam</strong></span> <span class='ocrx_word' id='word_1_233' title='bbox 788 3823 1012 3885; x_wconf 89' lang='lat' dir='ltr'><strong>natum</strong></span> <span class='ocrx_word' id='word_1_234' title='bbox 1055 3842 1190 3887; x_wconf 91' lang='lat' dir='ltr'><strong>esse</strong></span> <span class='ocrx_word' id='word_1_235' title='bbox 1232 3822 1566 3906; x_wconf 87' lang='lat' dir='ltr'><strong>colligitur</strong></span> <span class='ocrx_word' id='word_1_236' title='bbox 1607 3843 1688 3885; x_wconf 86' lang='lat' dir='ltr'><strong>ex</strong></span> <span class='ocrx_word' id='word_1_237' title='bbox 1733 3820 1951 3886; x_wconf 82' lang='lat' dir='ltr'><strong>Severi</strong></span> <span class='ocrx_word' id='word_1_238' title='bbox 1996 3820 2063 3886; x_wconf 81' lang='lat' dir='ltr'><strong>G.</strong></span> <span class='ocrx_word' id='word_1_239' title='bbox 2108 3821 2142 3886; x_wconf 93' lang='lat' dir='ltr'>I</span> <span class='ocrx_word' id='word_1_240' title='bbox 2185 3822 2288 3901; x_wconf 81' lang='lat'><strong>32,</strong></span> <span class='ocrx_word' id='word_1_241' title='bbox 2332 3823 2373 3886; x_wconf 88' lang='lat'><strong>6</strong></span> <span class='ocrx_word' id='word_1_242' title='bbox 2438 3821 2579 3886; x_wconf 83' lang='lat' dir='ltr'><strong>»his</strong></span> 
     </span>
     <span class='ocr_line' id='line_1_34' title="bbox 306 3922 2579 4009; baseline 0.002 -24"><span class='ocrx_word' id='word_1_243' title='bbox 306 3924 502 4006; x_wconf 90' lang='lat' dir='ltr'><strong>atque</strong></span> <span class='ocrx_word' id='word_1_244' title='bbox 559 3922 705 3987; x_wconf 89' lang='lat' dir='ltr'><strong>aliis</strong></span> <span class='ocrx_word' id='word_1_245' title='bbox 765 3923 951 3988; x_wconf 90' lang='lat' dir='ltr'><strong>istius</strong></span> <span class='ocrx_word' id='word_1_246' title='bbox 1009 3925 1184 3990; x_wconf 91' lang='lat' dir='ltr'><strong>modi</strong></span> <span class='ocrx_word' id='word_1_247' title='bbox 1242 3924 1482 3990; x_wconf 87' lang='lat' dir='ltr'><strong>frustra</strong></span> <span class='ocrx_word' id='word_1_248' title='bbox 1526 3924 1747 4003; x_wconf 89' lang='lat' dir='ltr'><strong>dictis,</strong></span> <span class='ocrx_word' id='word_1_249' title='bbox 1804 3946 1951 3990; x_wconf 91' lang='lat' dir='ltr'><strong>cum</strong></span> <span class='ocrx_word' id='word_1_250' title='bbox 2001 3924 2279 4009; x_wconf 87' lang='lat' dir='ltr'><strong>populus</strong></span> <span class='ocrx_word' id='word_1_251' title='bbox 2322 3926 2392 3990; x_wconf 90' lang='lat' dir='ltr'><strong>in</strong></span> <span class='ocrx_word' id='word_1_252' title='bbox 2434 3947 2579 3991; x_wconf 88' lang='lat' dir='ltr'><strong>seu-</strong></span> 
     </span>
     <span class='ocr_line' id='line_1_35' title="bbox 307 4027 2576 4112; baseline 0.001 -22"><span class='ocrx_word' id='word_1_253' title='bbox 307 4027 512 4091; x_wconf 87' lang='lat' dir='ltr'><strong>tentia</strong></span> <span class='ocrx_word' id='word_1_254' title='bbox 569 4031 1002 4112; x_wconf 86' lang='lat' dir='ltr'><strong>perseveraret</strong></span> <span class='ocrx_word' id='word_1_255' title='bbox 1019 4079 1037 4108; x_wconf 93' lang='lat'><strong>,</strong></span> <span class='ocrx_word' id='word_1_256' title='bbox 1105 4028 1317 4093; x_wconf 89' lang='lat' dir='ltr'><strong>Deum</strong></span> <span class='ocrx_word' id='word_1_257' title='bbox 1375 4029 1718 4094; x_wconf 84' lang='lat' dir='ltr'><strong>consulit«.</strong></span> <span class='ocrx_word' id='word_1_258' title='bbox 1818 4029 2115 4094; x_wconf 81' lang='lat' dir='ltr'><strong>Ceterum</strong></span> <span class='ocrx_word' id='word_1_259' title='bbox 2178 4051 2217 4094; x_wconf 88' lang='lat' dir='ltr'><strong>a</strong></span> <span class='ocrx_word' id='word_1_260' title='bbox 2271 4029 2576 4095; x_wconf 84' lang='lat' dir='ltr'><strong>Sallustio</strong></span> 
     </span>
     <span class='ocr_line' id='line_1_36' title="bbox 306 4129 2577 4219; baseline 0.001 -26"><span class='ocrx_word' id='word_1_261' title='bbox 306 4129 628 4196; x_wconf 85' lang='lat' dir='ltr'><strong>ablativus</strong></span> <span class='ocrx_word' id='word_1_262' title='bbox 670 4132 969 4217; x_wconf 83' lang='lat' dir='ltr'><strong>gerundii</strong></span> <span class='ocrx_word' id='word_1_263' title='bbox 1012 4132 1235 4197; x_wconf 81' lang='lat' dir='ltr'><strong>multis</strong></span> <span class='ocrx_word' id='word_1_264' title='bbox 1280 4135 1545 4219; x_wconf 87' lang='lat' dir='ltr'><strong>ponitur</strong></span> <span class='ocrx_word' id='word_1_265' title='bbox 1584 4132 1763 4211; x_wconf 75' lang='lat' dir='ltr'><strong>lociS,</strong></span> <span class='ocrx_word' id='word_1_266' title='bbox 1808 4132 2043 4215; x_wconf 89' lang='lat' dir='ltr'><strong>quibus</strong></span> <span class='ocrx_word' id='word_1_267' title='bbox 2086 4134 2377 4218; x_wconf 88' lang='lat' dir='ltr'><strong>plerique</strong></span> <span class='ocrx_word' id='word_1_268' title='bbox 2422 4133 2577 4197; x_wconf 89' lang='lat' dir='ltr'><strong>scri-</strong></span> 
     </span>
     <span class='ocr_line' id='line_1_37' title="bbox 308 4234 2576 4323; baseline 0.001 -26"><span class='ocrx_word' id='word_1_269' title='bbox 308 4235 524 4317; x_wconf 89' lang='lat' dir='ltr'><strong>ptores</strong></span> <span class='ocrx_word' id='word_1_270' title='bbox 570 4236 970 4303; x_wconf 87' lang='lat' dir='ltr'><strong>nominativo</strong></span> <span class='ocrx_word' id='word_1_271' title='bbox 1018 4237 1344 4323; x_wconf 87' lang='lat' dir='ltr'><strong>participii</strong></span> <span class='ocrx_word' id='word_1_272' title='bbox 1389 4237 1742 4322; x_wconf 86' lang='lat' dir='ltr'><strong>praesentis</strong></span> <span class='ocrx_word' id='word_1_273' title='bbox 1785 4237 2059 4300; x_wconf 86' lang='lat' dir='ltr'><strong>utuntur</strong></span> <span class='ocrx_word' id='word_1_274' title='bbox 2103 4234 2218 4299; x_wconf 88' lang='lat' dir='ltr'><strong>cfr.</strong></span> <span class='ocrx_word' id='word_1_275' title='bbox 2250 4234 2389 4298; x_wconf 83' lang='lat' dir='ltr'><strong>Cat.</strong></span> <span class='ocrx_word' id='word_1_276' title='bbox 2423 4235 2481 4313; x_wconf 83' lang='lat'><strong>7,</strong></span> <span class='ocrx_word' id='word_1_277' title='bbox 2516 4235 2576 4315; x_wconf 83' lang='lat'><strong>7,</strong></span> 
     </span>
    </p>
   </div>
   <div class='ocr_carea' id='block_1_6' title="bbox 299 4335 2577 4424">
    <p class='ocr_par' dir='ltr' id='par_1_13' title="bbox 299 4335 2577 4424">
     <span class='ocr_line' id='line_1_38' title="bbox 299 4335 2577 4424; baseline 0 -23"><span class='ocrx_word' id='word_1_278' title='bbox 299 4335 452 4421; x_wconf 82' lang='lat' dir='ltr'><strong>Jug.</strong></span> <span class='ocrx_word' id='word_1_279' title='bbox 496 4337 598 4415; x_wconf 84' lang='lat'><strong>28,</strong></span> <span class='ocrx_word' id='word_1_280' title='bbox 648 4340 707 4403; x_wconf 87' lang='grc'><strong>7.</strong></span> <span class='ocrx_word' id='word_1_281' title='bbox 795 4341 900 4419; x_wconf 83' lang='grc'><strong>51,</strong></span> <span class='ocrx_word' id='word_1_282' title='bbox 946 4342 1007 4407; x_wconf 89' lang='lat'><strong>5.</strong></span> <span class='ocrx_word' id='word_1_283' title='bbox 1097 4343 1201 4421; x_wconf 82' lang='lat'><strong>61,</strong></span> <span class='ocrx_word' id='word_1_284' title='bbox 1246 4343 1307 4421; x_wconf 87' lang='lat'><strong>2,</strong></span> <span class='ocrx_word' id='word_1_285' title='bbox 1354 4341 1437 4406; x_wconf 92' lang='lat' dir='ltr'><strong>H.</strong></span> <span class='ocrx_word' id='word_1_286' title='bbox 1484 4341 1515 4405; x_wconf 97' lang='lat' dir='ltr'>I</span> <span class='ocrx_word' id='word_1_287' title='bbox 1552 4341 1653 4406; x_wconf 84' lang='lat'><strong>75.</strong></span> <span class='ocrx_word' id='word_1_288' title='bbox 1743 4339 1919 4416; x_wconf 81' lang='lat' dir='ltr'><strong>Quae</strong></span> <span class='ocrx_word' id='word_1_289' title='bbox 1965 4337 2384 4424; x_wconf 88' lang='lat' dir='ltr'><strong>consuetudo,</strong></span> <span class='ocrx_word' id='word_1_290' title='bbox 2429 4357 2577 4404; x_wconf 88' lang='lat' dir='ltr'><strong>cum</strong></span> 
     </span>
    </p>
   </div>
  </div>
 </body>
</html>
