3000 4792
1570 130 1753 219 14‘

657 320 809 392 Sass.
853 321 897 390 J
895 344 1006 410 ug.
1228 328 1233 337 '
1420 323 1595 392 Dict.
1639 320 1741 389 Or.
1992 330 1998 349 ‘
2207 323 2278 393 S.
2320 324 2468 395 Sev'.

770 482 861 537 18.
1908 499 1911 501 “

466 553 524 620 2)
570 552 697 624 vagi
745 553 994 624 palantes
1041 570 1173 624 quas
1995 553 2045 608 D
2060 553 2090 608 1
2108 554 2196 618 15,
2225 556 2258 608 2
2273 554 2423 609 nullo
2441 571 2701 625 umquam

431 642 542 752 111011
545 628 811 752 tcoegerat
833 626 991 682 sedes
1015 625 1180 682 habe·
1961 630 2116 680 certo
2147 626 2273 681 loco
2306 626 2708 766 consisitunt(

475 714 546 754 an
1962 715 2094 766 quas
2122 715 2233 753 nox
2257 713 2355 754 coe
2425 717 2475 754 ri
2552 716 2611 755 se
2650 715 2708 754 es

1962 768 2170 825 habent
2308 813 2310 816 ⁴
2356 716 2425 769 ge

473 841 507 895 7
578 840 630 896 ei
663 839 925 911 paulatim
957 856 1057 911 per
1091 856 1179 894 oo·
1999 840 2039 895 C
2077 840 2105 895 1
2141 844 2194 912 2,
2228 842 2261 894 7
2311 838 2493 908 angeli
2526 838 2714 894 matri·
2767 899 2774 902 ,

432 929 507 967 nu
546 912 598 967 ia
672 913 928 969 Gaetulos
993 928 1178 967 secum
1964 912 2163 967 moniis
2247 927 2306 966 se
2386 912 2711 966 mortalibus

429 984 697 1041 miscuere
1430 1026 1457 1037 „-
1963 986 2291 1039 miscuerunt

469 1057 526 1125 8)
561 1053 804 1110 aedificia
839 1094 853 1108 .
884 1094 898 1108 .
921 1054 1174 1125 oblonga,
1997 1058 2046 1110 D
2082 1056 2110 1109 I
2147 1060 2200 1121 3,
2251 1058 2283 1108 3
2322 1053 2599 1124 tugurium
2637 1052 2710 1124 .'.,
2819 1059 2823 1063 '

425 1127 663 1184 incurvis
706 1125 967 1182 lateribus
1009 1131 1174 1194 tecta,
1958 1128 2111 1211 cujus
2128 1130 2334 1183 tectum
2355 1127 2507 1194 quasi
2523 1125 2707 1180 carina

428 1198 582 1269 quasi
591 1197 1040 1255 naviumcsrinae
1048 1204 1175 1254 sunt
1958 1201 2109 1326 peavis
2173 1202 2322 1323 ergit,
2345 1198 2702 1326 οοῖἒὲἱῗὲιῖιι

2013 1287 2163 1335 rrae,
2256 1267 2387 1323 rmis
2656 1285 2702 1322 is

1957 1347 2294 1399 constratum

465 1411 520 1481 9)
558 1412 769 1464 mutare
806 1426 895 1466 res
929 1408 1076 1464 inter
1114 1423 1173 1463 se
1226 1405 1282 1460 11
1295 1408 1329 1461 8
1366 1411 1682 1465 conmutare
1702 1424 1788 1463 res
1811 1423 1934 1463 cum

429 1481 779 1537 instituerant
1192 1477 1390 1534 accolis
1425 1480 1566 1534 sueti
1611 1504 1615 1509 ·

469 1553 556 1622 11)
590 1570 678 1606 res
708 1554 995 1608 Persarum
1019 1549 1171 1606 brevi
1237 1550 1288 1606 V
1338 1551 1407 1604 12
1456 1557 1737 1607 certamen
1781 1549 1936 1604 brevi

424 1625 666 1681 adolevit
798 1684 803 1692 .
1190 1622 1431 1678 adolevit
1466 1623 1564 1678 cfr.
1598 1623 1649 1683 V
1692 1623 1757 1676 15
2789 1678 2798 1683 ,

469 1697 556 1765 12)
593 1694 868 1750 finitumos
888 1694 1052 1748 armis
1078 1698 1172 1748 aut
1991 1702 2032 1758 c
2066 1701 2122 1757 Π
2162 1700 2254 1767 15,
2306 1704 2340 1756 2
2390 1699 2555 1754 urbes
2604 1698 2699 1750 aut

425 1773 579 1823 metu
597 1768 698 1822 sub
725 1766 995 1837 inperium
1015 1783 1169 1821 suum
1812 1830 1816 1834 ⁴
1954 1774 2009 1830 vi
2064 1775 2215 1844 capit
2276 1775 2371 1828 aut
2426 1774 2577 1823 metu
2641 1766 2700 1820 in

423 1856 655 1924 coegere
1953 1846 2288 1901 deditionem
2325 1840 2604 1910 compellit

458 1911 516 1965 in
579 1914 800 1980 gentem
864 1923 1168 1976 nomenque
1990 1918 2032 1972 G
2066 1916 2122 1970 11
2139 1920 2192 1984 8,
2230 1916 2343 1970 2'1n
2364 1914 2699 1984 potestatem

418 1982 1134 2108 inperantiuncli9concessere
1951 1989 2336 2057 ditionemque,
2390 1985 2505 2055 ejus
2571 1972 2698 2038 edn-

1950 2077 2161 2118 cessere

458 2127 516 2197 2)
549 2143 680 2181 1111111
727 2125 796 2180 de
840 2123 1166 2193 Gfflhflgine
1987 2132 2028 2188 G
2060 2132 2116 2186 11
2152 2133 2241 2201 27,
2280 2132 2312 2184 3
2350 2142 2539 2185 verum
2563 2122 2698 2178 haec

423 2200 582 2254 silere
616 2197 812 2252 melius
847 2197 980 2265 puto
1004 2212 1165 2265 quam
2026 2205 2347 2273 affingere
2380 2216 2492 2254 non
2521 2211 2697 2257 ausus,

423 2287 616 2341 parum
666 2268 863 2330 dicere,
911 2266 1165 2334 quoniam
1728 2294 1733 2299 ·
1949 2293 2019 2331 ne
2064 2276 2198 2344 quid
2244 2273 2422 2328 forma
2466 2265 2697 2339 praecisi

419 2343 526 2398 ²110
595 2355 890 2411 properare
948 2343 1165 2408 tempus
1949 2349 2128 2416 operis
2139 2363 2318 2401 rerum
2339 2337 2695 2411 dignitatibus

419 2417 607 2470 monet
1947 2419 2299 2486 deminueret,
2334 2414 2541 2481 reliqua
2576 2423 2692 2463 exe-

454 2556 510 2623 6)
545 2556 668 2609 loca
703 2556 893 2610 exusta
926 2549 1054 2607 solis
1081 2566 1162 2605 ar·
1579 2620 1584 2625 ,
1946 2507 2105 2616 (1111811.
2140 2560 2232 2627 43,
2282 2558 2317 2612 2
2350 2554 2475 2609 loca
2508 2549 2692 2607 omnia

419 2626 642 2684 dotibus
754 2698 827 2750 20
1944 2633 2137 2689 adusta
2171 2628 2300 2685 solis
2331 2623 2618 2682 ardoribus

454 2769 510 2839 2)
547 2770 847 2839 oportunus
884 2763 1113 2836 injuriae
1981 2772 2022 2828 C
2069 2773 2097 2826 Ι
2151 2774 2243 2835 10,
2298 2772 2332 2824 6
2390 2769 2690 2837 oportunus

456 2909 803 2980 3)p1eraque
833 2910 961 2964 loca
994 2905 1161 2962 hosti·
1215 2904 1270 2958 Π
1307 2908 1377 2960 27
1414 2906 1623 2961 cunctis
1660 2923 1769 2976 qua
1803 2925 1924 2977 per·
1945 2845 2183 2982 ωὸηἷΐέ,
2203 2809 2511 2968 {iitnustam
2537 2922 2690 2977 prae·

412 2982 543 3036 liter
584 3021 597 3034 .
632 3018 647 3032 .
685 2982 921 3043 adcedit,
966 2977 1161 3033 deinde
1181 2977 1347 3047 gebat
1393 2976 1452 3030 in
1504 2977 1689 3049 sugam
1738 2981 1923 3044 versis,
1945 2988 2075 3043 dam
2132 2987 2191 3040 in
2242 2998 2475 3053 regnum
2535 2993 2689 3034 suum

412 3069 539 3109 cum
601 3053 750 3108 omni
813 3050 1160 3107 multitudine
1181 3048 1274 3103 ubi
1331 3052 1548 3119 tempus
1594 3050 1769 3105 visum
1823 3057 1923 3120 est,
1945 3058 2213 3117 convertit

410 3126 469 3181 in
527 3141 759 3195 regnum
821 3140 978 3179 suum
1032 3138 1158 3177 con·
1179 3137 1303 3175 cum
1353 3137 1556 3192 magna
1601 3123 1805 3192 praeda
1852 3094 1923 3179 ad

409 3196 582 3255 vortit
1178 3209 1301 3247 suos
1334 3193 1606 3248 convertit

459 3267 520 3339 4)
572 3267 904 3322 existumans
952 3265 1155 3332 Adher·
1229 3265 1284 3319 11
1351 3266 1380 3318 1
1448 3265 1704 3350 injuriam
1758 3283 1922 3321 manu

411 3339 594 3395 balem
636 3379 649 3392 .
687 3378 700 3392 .
741 3376 756 3390 .
791 3337 1014 3406 injurias
1034 3354 1154 3392 suas
1177 3335 1562 3393 vindicandum
1600 3337 1708 3392 rati

407 3427 572 3464 manu
604 3409 1002 3465 vindicaturum

446 3484 501 3552 5)
553 3482 647 3550 qui
702 3480 923 3535 tametsi
966 3483 1154 3536 contu·
1975 3488 2016 3542 G
2052 3487 2080 3540 I
2116 3487 2205 3553 44,
2246 3486 2277 3539 3
2314 3482 2412 3538 sed
2452 3487 2569 3538 tam
2604 3482 2685 3537 in·
2729 3546 2736 3549 =

406 3553 634 3608 meliosa
659 3552 809 3608 dicta
835 3553 1152 3620 retulerunt,
1933 3557 2095 3628 justis
2140 3555 2541 3611 conditionibus
2596 3572 2684 3609 ex·

408 3626 559 3696 prius
596 3629 781 3679 tamen
820 3625 1002 3680 omnia
1037 3625 1154 3694 pati
1315 3628 1320 3632 ’
1937 3637 2111 3684 trema
2153 3628 2371 3698 perpeti
2405 3627 2571 3682 satius
2607 3625 2686 3682 vi-

410 3696 656 3752 decrevit
1936 3720 2057 3756 sum

441 3769 648 3823 bellum
683 3784 896 3823 sumere
1203 3766 1287 3821 III
1338 3769 1410 3822 20
1461 3771 1589 3824 ante
1641 3768 1915 3836 sumptum
1972 3774 2013 3828 c
2048 3772 2103 3828 ΙΙ
2142 3773 2229 3837 19,
2264 3771 2298 3825 7
2336 3787 2406 3824 ne
2427 3769 2608 3825 forte.

1174 3839 1380 3894 bellum
1938 3846 2145 3900 bellum
2180 3845 2459 3898 sumerent

442 3910 499 3980 7)
534 3911 716 3979 itaque
733 3927 862 3974 non,
875 3910 957 3965 uti
975 3912 1152 3976 antea,
1962 3917 2003 3971 C
2023 3917 2077 3970 II
2097 3919 2184 3980 40,
2209 3919 2235 3968 1
2256 3910 2685 3968 intereaArriani

404 3999 534 4037 oum
583 3981 929 4052 praedatoria
971 3997 1152 4044 manu,
1939 4007 2047 4043 non
2103 3986 2335 4056 occulte,
2391 3988 2454 4038 ut
2505 3988 2684 4047 antea,

407 4055 560 4110 sed.
652 4057 893 4123 ,aperte
1937 4062 2030 4115 sed
2050 4060 2232 4128 palam
2247 4074 2311 4112 ac
2322 4055 2560 4126 publice.
2584 4053 2684 4108 cfr.

435 4193 492 4263 8)
530 4197 772 4249 ceterum
812 4210 918 4261 qua
963 4207 1153 4262 perge·
1209 4188 1265 4242 H
1289 4191 1355 4244 16
1393 4192 1635 4246 ceterum
1669 4208 1776 4261 qua
1797 4205 1917 4274 per·
1938 4134 1979 4188 C
2015 4134 2043 4187 I
2077 4134 2167 4196 ὅδ’
2201 4130 2238 4182 4

408 4264 527 4327 bat,
563 4265 712 4320 urbis
740 4280 903 4333 agros
927 4267 1153 4326 vastare,
1176 4263 1341 4330 gebat
1393 4263 1515 4331 agri
1561 4262 1743 4318 referti
1798 4262 1918 4331 jugi

406 4304 640 4406 praedas
672 4351 836 4408 agere
1170 4348 1310 4404 pace
1366 4332 1688 4404 depraedati
1747 4333 1917 4390 omni·
