3000 4792
1498 180 1582 246 62

1341 414 1495 499 Jug.
1543 415 1651 494 55,
1698 415 1759 478 4.

581 570 654 635 In
685 570 759 634 Pi
804 569 1123 653 scriptura
1172 568 1302 631 »ita
1349 588 1477 650 quo
1522 567 1754 650 clarior
1793 569 1932 630 erat
1955 566 2335 654 (Metellus),
2380 589 2455 634 eo
2478 569 2688 655 magis

410 675 639 741 auxius
702 676 844 738 erat
905 693 1116 755 neque
1184 672 1333 756 post
1391 671 1662 735 insidias
1704 669 1748 735 J
1750 670 2066 754 ugarthae
2129 673 2332 737 effuso
2399 672 2682 737 exercitu

409 777 741 863 praedari«
810 794 942 840 non
1009 775 1368 852 haererem,
1429 775 1554 839 nisi
1619 776 1884 858 propter
1946 777 2341 860 reliquorum
2397 776 2689 841 codicum

409 883 716 962 lectiones
763 902 878 947 »eo
937 878 1143 963 magis
1203 878 1591 942 animosior«
1640 877 1741 942 vel
1805 900 1921 943 »eo
1967 879 2354 944 animosior«
2406 878 2539 965 (F.)
2584 878 2685 944 vel

413 1006 529 1050 »eo
588 984 788 1067 magis
842 984 1093 1046 animus
1151 981 1417 1045 anxius«
1452 980 1598 1067 (M.
1653 979 1743 1045 Μ.
1766 979 1787 1017 ¹
1846 980 1933 1044 M.
1956 980 1982 1019 ²
2026 981 2133 1066 Τ.)
2196 983 2268 1048 iu
2329 981 2689 1066 archetypo

410 1109 625 1153 casum
681 1085 1069 1151 substantivi
1132 1085 1462 1149 »animus«
1527 1084 1857 1150 additum«
1921 1083 2116 1150 fuisse
2160 1106 2433 1169 eumque
2474 1086 2546 1150 in
2590 1084 2687 1149 Po

410 1191 808 1257 intercidisse
822 1237 838 1267 ,
903 1190 975 1254 in
1030 1190 1260 1254 ceteris
1318 1191 1537 1254 autem
1593 1191 1969 1274 corruptum
2028 1211 2164 1255 esse
2221 1190 2531 1273 suspicari
2576 1189 2688 1254 de-

411 1297 705 1362 beremus
747 1291 860 1358 cfr.
905 1293 1195 1359 Dietsch.
1243 1301 1307 1377 p.
1355 1295 1460 1358 22.
1552 1291 1676 1358 Sed
1722 1312 1911 1377 quem
1957 1312 2170 1378 casum
2214 1295 2282 1358 in
2327 1294 2683 1377 archetypo

412 1400 723 1483 scriptum
787 1396 983 1463 fuisse
1029 1399 1478 1463 censebimus?
1566 1396 2023 1462 Nominativus
2078 1398 2338 1483 quidem
2356 1448 2372 1479 ‚
2432 1398 2511 1464 de
2556 1419 2685 1481 quo

414 1502 684 1587 propter
760 1499 1198 1584 exemplorum
1267 1521 1430 1583 quae
1489 1522 1555 1584 p.
1617 1500 1702 1564 58
1768 1500 2145 1585 collegimus
2209 1502 2690 1566 multitudinem

410 1605 685 1691 cogitari
726 1605 953 1690 possit,
999 1604 1147 1696 huic
1193 1603 1335 1669 loco
1380 1603 1593 1669 minus
1636 1606 1981 1670 convenire
2023 1605 2300 1683 videtur,
2346 1626 2493 1669 cum
2522 1625 2687 1689 quae

308 1744 317 1749 ·
409 1711 766 1795 sequuntur
814 1729 1060 1791 »neque
1107 1756 1123 1771 .
1171 1752 1188 1769 .
1234 1755 1250 1770 .
1299 1707 1500 1772 effuso
1546 1709 1829 1772 exercitu
1866 1707 2197 1793 praedari«
2224 1709 2304 1773 ad
2326 1707 2684 1792 subjectum

413 1813 744 1877 »animus«
804 1811 970 1875 male
1030 1811 1415 1877 referantur.
1502 1810 1744 1876 Animo
1810 1812 1984 1875 enim
2039 1813 2252 1876 motus
2309 1814 2374 1876 et
2417 1812 2683 1876 affectus

409 1918 558 2002 apte
620 1916 1031 1995 tribuuntur,
1098 1916 1193 1980 ita
1236 1916 1324 1979 ub
1367 1915 1800 2000 pulcherrime
1845 1916 2097 1981 dicatur
2145 1917 2439 1980 »animus
2483 1915 2685 1993 ardet,

409 2022 723 2086 abhorret
751 2024 916 2101 cet«,
962 2020 1072 2085 sed
1116 2021 1528 2105 imperatoris
1572 2042 1717 2084 eum
1762 2020 1990 2103 exequi
2031 2019 2246 2085 officia
2267 2042 2455 2085 nemo
2478 2020 2689 2085 dicere

410 2148 600 2192 ausus
644 2127 748 2190 sit.
842 2125 1219 2191 Ablativum
1284 2128 1500 2190 autem
1521 2173 1538 2204 ,
1595 2146 1783 2209 quem
1830 2146 2049 2190 casum
2091 2125 2462 2191 Dietschius
2506 2146 2690 2210 prae-

410 2233 749 2299 ferendum
815 2232 1062 2309 censet,
1123 2252 1256 2295 non
1301 2232 1681 2317 receperim,
1747 2230 1900 2316 quia
1944 2229 2350 2314 adjectivum,
2413 2251 2690 2315 quocum

409 2337 729 2401 ablativus
791 2336 1086 2403 »animo«
1148 2335 1604 2421 conjungitur,
1664 2337 1922 2420 praeter
1965 2333 2119 2419 Jug.
2166 2335 2270 2413 52,
2333 2336 2374 2399 6
2433 2335 2689 2398 »animo

394 2444 719 2519 “vacuos«,
789 2441 934 2521 113,
995 2442 1036 2504 3
1103 2442 1362 2505 »animo
1422 2440 1675 2505 varius«
1747 2442 1813 2504 et
1875 2438 1955 2503 D.
2002 2437 2114 2508 Cr,
2155 2438 2256 2504 ΙΙΙ
2304 2444 2335 2504 1
2414 2437 2686 2502 »intenti

409 2546 664 2610 animo«
712 2545 1011 2609 omnibus
1055 2547 1121 2608 et
1164 2545 1364 2628 ipsius
1396 2543 1661 2609 Sallusti
1700 2546 1768 2609 et
1787 2542 2137 2609 imitatoris
2159 2543 2495 2628 utriusque
2525 2541 2686 2605 locis

406 2651 585 2715 vocis
631 2649 925 2713 ›animo‹
975 2651 1364 2714 structuram
1405 2649 1473 2713 in
1520 2670 1774 2733 genere,
1836 2668 2126 2726 numero,
2183 2667 2332 2712 casu
2377 2647 2689 2730 sequitur.

409 2752 641 2837 Neque
685 2775 838 2818 vero
899 2752 1068 2817 idem
1127 2754 1203 2818 de
1267 2752 1557 2838 genitivo
1608 2753 1888 2817 »animi«
1936 2751 2151 2816 valere
2193 2751 2532 2837 permultis
2578 2750 2691 2815 do-

408 2879 628 2923 cemur
674 2857 982 2941 exemplis
1024 2855 1142 2921 cfr.
1187 2855 1354 2921 Hist.
1401 2857 1469 2922 H
1512 2858 1597 2922 92
1642 2856 1840 2920 animi
1887 2858 2093 2920 atrox.
2183 2854 2278 2919 111
2327 2856 2405 2920 13
2462 2854 2690 2938 ingens

407 2963 544 3049 ipse
612 2961 842 3027 virium
900 2964 1094 3046 atque
1156 2961 1374 3025 animi.
1476 2960 1572 3025 III
1633 2954 1713 3025 17
1779 2961 2072 3025 firmatus
2137 2960 2357 3024 animi.
2446 2959 2562 3025 111·
2603 2960 2687 3024 95

334 3055 339 3059 ’
408 3067 610 3132 animi
681 3067 944 3132 incertis
1012 3066 1425 3130 succurritur.
1537 3063 1633 3131 IV
1680 3065 1762 3131 27
1828 3065 2086 3150 inquies
2155 3064 2376 3129 animi.
2464 3063 2562 3129 IV
2607 3064 2684 3127 71

407 3171 645 3236 nimius
689 3173 909 3236 animi.
997 3170 1098 3237 IV
1142 3171 1224 3235 72
1269 3171 1499 3235 anxius
1544 3170 1745 3236 animi
1789 3171 1986 3254 atque
2031 3169 2336 3234 incertus.

581 3273 750 3340 Dict.
786 3273 886 3340 Gr.
940 3273 994 3338 V
1016 3274 1056 3338 9
1102 3274 1443 3339 collectum
1487 3297 1637 3339 eum
1681 3274 2127 3357 refectumque
2170 3272 2394 3339 animi.
2471 3272 2533 3340 S.
2567 3271 2689 3339 ὅου

408 3378 477 3443 O.
523 3377 556 3441 Ι
608 3378 705 3455 15,
753 3379 795 3441 4
839 3376 1061 3442 furens
1105 3377 1325 3442 animi.
1414 3379 1593 3460 133,
1638 3379 1672 3443 1
1720 3377 2046 3443 modestus
2089 3377 2310 3442 animi.
2395 3376 2551 3454 135,
2606 3376 2684 3461 10
2771 3374 2780 3385 ’

407 3502 629 3545 vecors
673 3480 892 3544 animi.
981 3478 1047 3544 II
1090 3482 1195 3559 45,
1245 3482 1283 3545 5
1330 3482 1563 3546 dubius
1607 3481 1827 3546 animi.

581 3580 831 3659 Quibus
896 3584 1202 3668 exemplis
1259 3583 1406 3648 addi
1452 3588 1725 3669 possunt
1766 3581 1983 3650 multa'
2014 3585 2158 3666 alia,
2204 3585 2439 3670 quibus
2481 3581 2692 3649 Sallu·-

409 3688 606 3752 stium
665 3709 798 3752 non
865 3687 1068 3770 magis
1123 3709 1319 3771 quam
1381 3688 1743 3755 imitatores
1787 3688 2154 3774 saepissime
2198 3689 2553 3773 genitivum
2596 3689 2689 3751 ita

408 3810 648 3874 ponere
705 3789 1213 3870 demonstratur,
1284 3794 1358 3856 ut
1424 3813 1607 3857 casus
1671 3794 1782 3858 ille
1845 3793 2036 3877 quasi
2086 3792 2426 3858 circuitum
2491 3794 2686 3876 atque

406 3895 629 3958 orbem
673 3894 1076 3974 determinet,
1120 3897 1296 3962 intra
1340 3917 1532 3981 quem
1574 3899 1671 3962 vis
1716 3919 1811 3976 ea,
1866 3918 2031 3981 quae
2078 3896 2392 3980 adjectivo
2442 3895 2690 3982 signifi-

409 3998 613 4074 catur,
657 3997 860 4081 pollet
904 4001 1097 4082 atque
1128 3999 1305 4083 viget
1347 3998 1459 4065 cfr.
1493 3999 1630 4066 Cat.
1664 4001 1724 4080 5,
1758 4002 1802 4066 4
1845 4001 1942 4066 sui
1992 4000 2311 4087 profusus.
2404 4000 2465 4077 7,
2511 4003 2548 4063 6
2577 4020 2689 4084 pe·

407 4100 634 4166 cuniae
678 4100 996 4166 liberales.
1084 4102 1233 4188 Jug.
1282 4103 1386 4182 44,
1436 4105 1470 4169 1
1521 4104 1694 4169 iners
1737 4103 1912 4191 belli.
2001 4104 2173 4170 Hist.
2220 4104 2250 4168 I
2301 4103 2424 4167 100
2470 4102 2689 4188 privos

406 4204 546 4286 ipse
608 4202 897 4270 militiae.
984 4204 1019 4269 I
1070 4207 1189 4270 106
1234 4208 1532 4291 egregius
1575 4207 1865 4273 militiae.
1956 4207 2018 4272 II
2072 4209 2148 4270 13
2212 4205 2367 4269 belli
2429 4225 2692 4291 promp-

407 4304 709 4368 tissumos
752 4304 1156 4391 delegebant.
1246 4307 1344 4372 III
1392 4310 1471 4374 81
1521 4311 1754 4376 dubius
1799 4311 2046 4377 consili.
2135 4308 2231 4374 IV
2277 4309 2359 4373 48
2406 4308 2691 4373 insolens
