<?xml version="1.0" encoding="UTF-8"?>
<!DOCTYPE html PUBLIC "-//W3C//DTD XHTML 1.0 Transitional//EN"
    "http://www.w3.org/TR/xhtml1/DTD/xhtml1-transitional.dtd">
<html xmlns="http://www.w3.org/1999/xhtml" xml:lang="en" lang="en">
 <head>
  <title>
</title>
<meta http-equiv="Content-Type" content="text/html;charset=utf-8" />
  <meta name='ocr-system' content='tesseract 3.04.00' />
  <meta name='ocr-capabilities' content='ocr_page ocr_carea ocr_par ocr_line ocrx_word'/>
</head>
<body>
  <div class='ocr_page' id='page_1' title='image "./quaestionessall01pratgoog_0020.png"; bbox 0 0 3000 4792; ppageno 0'>
   <div class='ocr_carea' id='block_1_1' title="bbox 1564 129 1835 246">
    <p class='ocr_par' dir='ltr' id='par_1_1' title="bbox 1564 129 1835 246">
     <span class='ocr_line' id='line_1_1' title="bbox 1564 129 1835 246; baseline -0.007 0"><span class='ocrx_word' id='word_1_1' title='bbox 1564 155 1657 246; x_wconf 68' lang='lat'><strong>132,</strong></span> <span class='ocrx_word' id='word_1_2' title='bbox 1724 129 1728 132; x_wconf 39' lang='grc'><strong><em>’</em></strong></span> <span class='ocrx_word' id='word_1_3' title='bbox 1813 193 1835 234; x_wconf 73' lang='lat'><strong>·.</strong></span> 
     </span>
    </p>
   </div>
   <div class='ocr_carea' id='block_1_2' title="bbox 1205 344 1240 2451">
    <p class='ocr_par' dir='ltr' id='par_1_2' title="bbox 1205 344 1240 2451">
     <span class='ocr_line' id='line_1_2' title="bbox 1221 344 1240 459; baseline 0 4333"><span class='ocrx_word' id='word_1_4' title='bbox 1221 344 1240 459; x_wconf 95' lang='lat' dir='ltr'><strong> </strong></span> 
     </span>
     <span class='ocr_line' id='line_1_3' title="bbox 1216 974 1236 1316; baseline 0 0"><span class='ocrx_word' id='word_1_5' title='bbox 1216 974 1236 1316; x_wconf 95' lang='lat' dir='ltr'><strong>   </strong></span> 
     </span>
     <span class='ocr_line' id='line_1_4' title="bbox 1213 1316 1233 1807; baseline 0 -204"><span class='ocrx_word' id='word_1_6' title='bbox 1213 1316 1233 1807; x_wconf 95' lang='lat' dir='ltr'><strong>     </strong></span> 
     </span>
     <span class='ocr_line' id='line_1_5' title="bbox 1205 2168 1225 2451; baseline 0 -135"><span class='ocrx_word' id='word_1_7' title='bbox 1205 2168 1225 2451; x_wconf 95' lang='lat' dir='ltr'><strong>  </strong></span> 
     </span>
    </p>
   </div>
   <div class='ocr_carea' id='block_1_3' title="bbox 472 325 2509 636">
    <p class='ocr_par' dir='ltr' id='par_1_3' title="bbox 472 325 2509 636">
     <span class='ocr_line' id='line_1_6' title="bbox 675 325 2509 432; baseline 0.007 -25"><span class='ocrx_word' id='word_1_8' title='bbox 675 337 828 408; x_wconf 74' lang='lat' dir='ltr'><strong>San.</strong></span> <span class='ocrx_word' id='word_1_9' title='bbox 873 341 1026 432; x_wconf 78' lang='lat' dir='ltr'><strong>Jug&#39;.</strong></span> <span class='ocrx_word' id='word_1_10' title='bbox 1276 348 1279 353; x_wconf 70' lang='grc'>’</span> <span class='ocrx_word' id='word_1_11' title='bbox 1333 424 1338 429; x_wconf 40' lang='grc'><strong>,</strong></span> <span class='ocrx_word' id='word_1_12' title='bbox 1444 349 1617 416; x_wconf 85' lang='lat' dir='ltr'><strong>Diet.</strong></span> <span class='ocrx_word' id='word_1_13' title='bbox 1664 349 1769 415; x_wconf 63' lang='lat' dir='ltr'><strong>Gr}</strong></span> <span class='ocrx_word' id='word_1_14' title='bbox 2036 325 2044 350; x_wconf 26' lang='grc' dir='ltr'><strong>ἶ</strong></span> <span class='ocrx_word' id='word_1_15' title='bbox 2097 388 2101 393; x_wconf 90' lang='grc'><strong>-</strong></span> <span class='ocrx_word' id='word_1_16' title='bbox 2255 346 2323 418; x_wconf 85' lang='lat' dir='ltr'><strong>S.</strong></span> <span class='ocrx_word' id='word_1_17' title='bbox 2364 349 2509 420; x_wconf 41' lang='lat' dir='ltr'><strong>Set&amp;</strong></span> 
     </span>
     <span class='ocr_line' id='line_1_7' title="bbox 510 499 1985 583; baseline 0.005 -29"><span class='ocrx_word' id='word_1_18' title='bbox 510 500 570 583; x_wconf 68' lang='grc' dir='ltr'><strong>β)</strong></span> <span class='ocrx_word' id='word_1_19' title='bbox 620 499 988 559; x_wconf 81' lang='lat' dir='ltr'><strong>Adherbalem</strong></span> <span class='ocrx_word' id='word_1_20' title='bbox 1032 520 1218 559; x_wconf 86' lang='lat' dir='ltr'><strong>excru-</strong></span> <span class='ocrx_word' id='word_1_21' title='bbox 1273 506 1322 565; x_wconf 77' lang='lat' dir='ltr'>V</span> <span class='ocrx_word' id='word_1_22' title='bbox 1362 509 1430 563; x_wconf 88' lang='grc'><strong>12</strong></span> <span class='ocrx_word' id='word_1_23' title='bbox 1464 506 1809 579; x_wconf 78' lang='lat' dir='ltr'><strong>Deiphobum</strong></span> <span class='ocrx_word' id='word_1_24' title='bbox 1861 549 1873 562; x_wconf 93' lang='lat'><strong>.</strong></span> <span class='ocrx_word' id='word_1_25' title='bbox 1915 534 1943 562; x_wconf 90' lang='lat'><strong>.·</strong></span> <span class='ocrx_word' id='word_1_26' title='bbox 1971 547 1985 562; x_wconf 91' lang='lat'><strong>.</strong></span> 
     </span>
     <span class='ocr_line' id='line_1_8' title="bbox 472 574 2026 636; baseline 0.006 -11"><span class='ocrx_word' id='word_1_27' title='bbox 472 574 677 626; x_wconf 70' lang='lat' dir='ltr'><strong>clatum</strong></span> <span class='ocrx_word' id='word_1_28' title='bbox 713 577 873 628; x_wconf 82' lang='lat' dir='ltr'><strong>necat</strong></span> <span class='ocrx_word' id='word_1_29' title='bbox 1236 580 1448 634; x_wconf 68' lang='lat' dir='ltr'><strong>summo</strong></span> <span class='ocrx_word' id='word_1_30' title='bbox 1483 581 1722 636; x_wconf 80' lang='lat' dir='ltr'><strong>cruciatu</strong></span> <span class='ocrx_word' id='word_1_31' title='bbox 1759 582 1930 635; x_wconf 68' lang='lat' dir='ltr'><strong>necat</strong></span> <span class='ocrx_word' id='word_1_32' title='bbox 2015 602 2026 610; x_wconf 52' lang='lat'><em>³</em></span> 
     </span>
    </p>
   </div>
   <div class='ocr_carea' id='block_1_4' title="bbox 473 643 1985 842">
    <p class='ocr_par' dir='ltr' id='par_1_4' title="bbox 473 643 1985 842">
     <span class='ocr_line' id='line_1_9' title="bbox 508 643 1985 726; baseline 0.006 -30"><span class='ocrx_word' id='word_1_33' title='bbox 508 643 590 726; x_wconf 73' lang='lat' dir='ltr'><strong>uti</strong></span> <span class='ocrx_word' id='word_1_34' title='bbox 624 643 847 713; x_wconf 86' lang='lat' dir='ltr'><strong>quisque</strong></span> <span class='ocrx_word' id='word_1_35' title='bbox 870 644 1094 699; x_wconf 89' lang='lat' dir='ltr'><strong>armatis</strong></span> <span class='ocrx_word' id='word_1_36' title='bbox 1120 645 1216 701; x_wconf 90' lang='lat' dir='ltr'><strong>ob·</strong></span> <span class='ocrx_word' id='word_1_37' title='bbox 1270 651 1297 704; x_wconf 91' lang='grc' dir='ltr'>Ι</span> <span class='ocrx_word' id='word_1_38' title='bbox 1339 653 1421 705; x_wconf 69' lang='grc'><strong>19*</strong></span> <span class='ocrx_word' id='word_1_39' title='bbox 1437 652 1519 705; x_wconf 90' lang='lat' dir='ltr'><strong>uti</strong></span> <span class='ocrx_word' id='word_1_40' title='bbox 1562 652 1799 722; x_wconf 80' lang='lat' dir='ltr'><strong>quidque</strong></span> <span class='ocrx_word' id='word_1_41' title='bbox 1832 650 1985 705; x_wconf 89' lang='lat' dir='ltr'><strong>malo</strong></span> 
     </span>
     <span class='ocr_line' id='line_1_10' title="bbox 473 715 1108 842; baseline 0.005 -73"><span class='ocrx_word' id='word_1_42' title='bbox 473 731 592 770; x_wconf 71' lang='lat' dir='ltr'><strong>uus</strong></span> <span class='ocrx_word' id='word_1_43' title='bbox 626 715 1108 842; x_wconf 46' lang='lat' dir='ltr'><strong>suerathgnterficit</strong></span> 
     </span>
    </p>
   </div>
   <div class='ocr_carea' id='block_1_5' title="bbox 1240 721 1991 791">
    <p class='ocr_par' dir='ltr' id='par_1_5' title="bbox 1240 721 1991 791">
     <span class='ocr_line' id='line_1_11' title="bbox 1240 721 1991 791; baseline 0 -14"><span class='ocrx_word' id='word_1_44' title='bbox 1240 721 1457 778; x_wconf 76' lang='lat' dir='ltr'><strong>obviam</strong></span> <span class='ocrx_word' id='word_1_45' title='bbox 1465 723 1660 791; x_wconf 87' lang='lat' dir='ltr'><strong>fuerat,</strong></span> <span class='ocrx_word' id='word_1_46' title='bbox 1670 723 1991 779; x_wconf 73' lang='lat' dir='ltr'><strong>vastabatur</strong></span> 
     </span>
    </p>
   </div>
   <div class='ocr_carea' id='block_1_6' title="bbox 472 857 2748 1422">
    <p class='ocr_par' dir='ltr' id='par_1_6' title="bbox 472 857 1985 999">
     <span class='ocr_line' id='line_1_12' title="bbox 515 857 1985 941; baseline 0.006 -30"><span class='ocrx_word' id='word_1_47' title='bbox 515 857 568 941; x_wconf 76' lang='lat'><strong>1)</strong></span> <span class='ocrx_word' id='word_1_48' title='bbox 621 857 823 928; x_wconf 87' lang='lat' dir='ltr'><strong>quippe</strong></span> <span class='ocrx_word' id='word_1_49' title='bbox 871 859 958 914; x_wconf 88' lang='lat' dir='ltr'><strong>eui</strong></span> <span class='ocrx_word' id='word_1_50' title='bbox 994 898 1009 913; x_wconf 89' lang='lat'><strong>.</strong></span> <span class='ocrx_word' id='word_1_51' title='bbox 1049 898 1064 914; x_wconf 90' lang='lat'><strong>.</strong></span> <span class='ocrx_word' id='word_1_52' title='bbox 1099 900 1113 914; x_wconf 91' lang='lat'><em>.</em></span> <span class='ocrx_word' id='word_1_53' title='bbox 1162 859 1216 913; x_wconf 78' lang='lat' dir='ltr'><strong>in</strong></span> <span class='ocrx_word' id='word_1_54' title='bbox 1271 862 1350 920; x_wconf 88' lang='lat' dir='ltr'><strong>IV</strong></span> <span class='ocrx_word' id='word_1_55' title='bbox 1389 866 1416 917; x_wconf 91' lang='lat'>1</span> <span class='ocrx_word' id='word_1_56' title='bbox 1456 863 1660 935; x_wconf 86' lang='lat' dir='ltr'><strong>quippe</strong></span> <span class='ocrx_word' id='word_1_57' title='bbox 1704 867 1824 936; x_wconf 90' lang='lat' dir='ltr'><strong>quis</strong></span> <span class='ocrx_word' id='word_1_58' title='bbox 1873 867 1985 923; x_wconf 89' lang='lat' dir='ltr'><strong>ani·</strong></span> 
     </span>
     <span class='ocr_line' id='line_1_13' title="bbox 472 929 1985 999; baseline 0.006 -15"><span class='ocrx_word' id='word_1_59' title='bbox 472 945 655 984; x_wconf 88' lang='lat' dir='ltr'><strong>ammo</strong></span> <span class='ocrx_word' id='word_1_60' title='bbox 692 929 942 985; x_wconf 77' lang='lat' dir='ltr'><strong>haeserat</strong></span> <span class='ocrx_word' id='word_1_61' title='bbox 1240 951 1328 989; x_wconf 91' lang='lat' dir='ltr'><strong>mo</strong></span> <span class='ocrx_word' id='word_1_62' title='bbox 1346 934 1426 989; x_wconf 89' lang='lat' dir='ltr'><strong>ita</strong></span> <span class='ocrx_word' id='word_1_63' title='bbox 1437 933 1696 993; x_wconf 84' lang='lat' dir='ltr'><strong>haeserat</strong></span> <span class='ocrx_word' id='word_1_64' title='bbox 1713 938 1813 994; x_wconf 85' lang='lat' dir='ltr'><strong>cfr.</strong></span> <span class='ocrx_word' id='word_1_65' title='bbox 1825 939 1901 999; x_wconf 87' lang='lat' dir='ltr'><strong>IV</strong></span> <span class='ocrx_word' id='word_1_66' title='bbox 1920 942 1985 993; x_wconf 85' lang='lat'><strong>13</strong></span> 
     </span>
    </p>

    <p class='ocr_par' dir='ltr' id='par_1_7' title="bbox 511 999 2748 1127">
     <span class='ocr_line' id='line_1_14' title="bbox 511 999 2748 1127; baseline -0 -70"><span class='ocrx_word' id='word_1_67' title='bbox 511 1002 567 1071; x_wconf 84' lang='lat'><strong>2)</strong></span> <span class='ocrx_word' id='word_1_68' title='bbox 602 1001 773 1071; x_wconf 78' lang='lat' dir='ltr'><strong>recipi</strong></span> <span class='ocrx_word' id='word_1_69' title='bbox 807 1001 1089 1057; x_wconf 89' lang='lat' dir='ltr'><strong>moenibus</strong></span> <span class='ocrx_word' id='word_1_70' title='bbox 2036 1003 2096 1127; x_wconf 47' lang='lat' dir='ltr'><strong>l}</strong></span> <span class='ocrx_word' id='word_1_71' title='bbox 2116 999 2305 1066; x_wconf 84' lang='lat'>11112,</span> <span class='ocrx_word' id='word_1_72' title='bbox 2347 1003 2375 1055; x_wconf 90' lang='lat'>1</span> <span class='ocrx_word' id='word_1_73' title='bbox 2406 1000 2582 1071; x_wconf 82' lang='lat' dir='ltr'><strong>recipi</strong></span> <span class='ocrx_word' id='word_1_74' title='bbox 2596 1008 2748 1056; x_wconf 72' lang='lat' dir='ltr'><strong>moe-</strong></span> 
     </span>
     <span class='ocr_line' id='line_1_15' title="bbox 2003 1090 2161 1127; baseline -0.006 0"><span class='ocrx_word' id='word_1_75' title='bbox 2003 1091 2060 1127; x_wconf 86' lang='lat' dir='ltr'><strong>m</strong></span> <span class='ocrx_word' id='word_1_76' title='bbox 2099 1090 2161 1127; x_wconf 85' lang='lat' dir='ltr'><strong>us</strong></span> 
     </span>
    </p>

    <p class='ocr_par' dir='ltr' id='par_1_8' title="bbox 1998 1141 2745 1422">
     <span class='ocr_line' id='line_1_16' title="bbox 2038 1141 2745 1213; baseline -0.004 -15"><span class='ocrx_word' id='word_1_77' title='bbox 2038 1145 2077 1198; x_wconf 88' lang='lat' dir='ltr'>C</span> <span class='ocrx_word' id='word_1_78' title='bbox 2097 1143 2151 1196; x_wconf 90' lang='grc' dir='ltr'><strong>ΙΙ</strong></span> <span class='ocrx_word' id='word_1_79' title='bbox 2173 1145 2259 1213; x_wconf 86' lang='grc'><strong>47,</strong></span> <span class='ocrx_word' id='word_1_80' title='bbox 2280 1141 2317 1196; x_wconf 88' lang='grc'>4</span> <span class='ocrx_word' id='word_1_81' title='bbox 2340 1141 2447 1196; x_wconf 85' lang='lat' dir='ltr'><strong>rati</strong></span> <span class='ocrx_word' id='word_1_82' title='bbox 2465 1142 2745 1212; x_wconf 87' lang='lat' dir='ltr'><strong>nimirum,</strong></span> 
     </span>
     <span class='ocr_line' id='line_1_17' title="bbox 2001 1214 2745 1270; baseline -0.003 -1"><span class='ocrx_word' id='word_1_83' title='bbox 2001 1216 2048 1269; x_wconf 88' lang='lat' dir='ltr'><strong>si</strong></span> <span class='ocrx_word' id='word_1_84' title='bbox 2070 1214 2349 1270; x_wconf 88' lang='lat' dir='ltr'><strong>hominem</strong></span> <span class='ocrx_word' id='word_1_85' title='bbox 2373 1229 2553 1268; x_wconf 82' lang='lat' dir='ltr'><strong>acrem</strong></span> <span class='ocrx_word' id='word_1_86' title='bbox 2569 1219 2625 1268; x_wconf 89' lang='lat' dir='ltr'><strong>et</strong></span> <span class='ocrx_word' id='word_1_87' title='bbox 2636 1214 2745 1267; x_wconf 86' lang='lat' dir='ltr'><strong>cal·</strong></span> 
     </span>
     <span class='ocr_line' id='line_1_18' title="bbox 2002 1286 2745 1341; baseline -0.001 -1"><span class='ocrx_word' id='word_1_88' title='bbox 2002 1288 2171 1341; x_wconf 88' lang='lat' dir='ltr'><strong>lidum</strong></span> <span class='ocrx_word' id='word_1_89' title='bbox 2209 1286 2530 1341; x_wconf 88' lang='lat' dir='ltr'><strong>sacerdotali</strong></span> <span class='ocrx_word' id='word_1_90' title='bbox 2562 1291 2745 1340; x_wconf 89' lang='lat' dir='ltr'><strong>aucto-</strong></span> 
     </span>
     <span class='ocr_line' id='line_1_19' title="bbox 1998 1357 2743 1422; baseline 0 -11"><span class='ocrx_word' id='word_1_91' title='bbox 1998 1359 2160 1413; x_wconf 87' lang='lat' dir='ltr'><strong>ritate</strong></span> <span class='ocrx_word' id='word_1_92' title='bbox 2180 1362 2495 1422; x_wconf 85' lang='lat' dir='ltr'><strong>armassent,</strong></span> <span class='ocrx_word' id='word_1_93' title='bbox 2514 1357 2743 1412; x_wconf 85' lang='lat' dir='ltr'><strong>tutiores</strong></span> 
     </span>
    </p>
   </div>
   <div class='ocr_carea' id='block_1_7' title="bbox 1996 1430 2742 1568">
    <p class='ocr_par' dir='ltr' id='par_1_9' title="bbox 1996 1430 2742 1568">
     <span class='ocr_line' id='line_1_20' title="bbox 1996 1430 2266 1483; baseline -0.004 0"><span class='ocrx_word' id='word_1_94' title='bbox 1996 1430 2112 1483; x_wconf 89' lang='lat' dir='ltr'><strong>sore</strong></span> <span class='ocrx_word' id='word_1_95' title='bbox 2149 1444 2266 1483; x_wconf 88' lang='lat' dir='ltr'><strong>sese</strong></span> 
     </span>
     <span class='ocr_line' id='line_1_21' title="bbox 2030 1497 2742 1568; baseline -0.006 -13"><span class='ocrx_word' id='word_1_96' title='bbox 2030 1502 2079 1554; x_wconf 95' lang='lat' dir='ltr'>D</span> <span class='ocrx_word' id='word_1_97' title='bbox 2101 1501 2182 1554; x_wconf 89' lang='grc' dir='ltr'><strong>ΙΙΙ</strong></span> <span class='ocrx_word' id='word_1_98' title='bbox 2220 1503 2306 1568; x_wconf 92' lang='lat'><strong>11,</strong></span> <span class='ocrx_word' id='word_1_99' title='bbox 2346 1502 2373 1552; x_wconf 95' lang='lat'>1</span> <span class='ocrx_word' id='word_1_100' title='bbox 2403 1497 2573 1552; x_wconf 83' lang='lat' dir='ltr'><strong>fertur</strong></span> <span class='ocrx_word' id='word_1_101' title='bbox 2596 1497 2742 1552; x_wconf 87' lang='lat' dir='ltr'><strong>enim</strong></span> 
     </span>
    </p>
   </div>
   <div class='ocr_carea' id='block_1_8' title="bbox 1992 1569 2743 1842">
    <p class='ocr_par' dir='ltr' id='par_1_10' title="bbox 1992 1569 2743 1842">
     <span class='ocr_line' id='line_1_22' title="bbox 1995 1569 2742 1636; baseline -0.003 -12"><span class='ocrx_word' id='word_1_102' title='bbox 1995 1572 2086 1624; x_wconf 90' lang='lat' dir='ltr'><strong>ille</strong></span> <span class='ocrx_word' id='word_1_103' title='bbox 2123 1573 2209 1626; x_wconf 85' lang='lat' dir='ltr'><strong>vir</strong></span> <span class='ocrx_word' id='word_1_104' title='bbox 2242 1569 2428 1623; x_wconf 88' lang='lat' dir='ltr'><strong>multis</strong></span> <span class='ocrx_word' id='word_1_105' title='bbox 2479 1569 2742 1636; x_wconf 82' lang='lat' dir='ltr'><strong>bonisque</strong></span> 
     </span>
     <span class='ocr_line' id='line_1_23' title="bbox 1994 1640 2743 1710; baseline -0.005 -13"><span class='ocrx_word' id='word_1_106' title='bbox 1994 1643 2204 1696; x_wconf 85' lang='lat' dir='ltr'><strong>actibus</strong></span> <span class='ocrx_word' id='word_1_107' title='bbox 2239 1640 2517 1710; x_wconf 86' lang='lat' dir='ltr'><strong>praeditus</strong></span> <span class='ocrx_word' id='word_1_108' title='bbox 2552 1641 2743 1695; x_wconf 83' lang='lat' dir='ltr'><strong>adver-</strong></span> 
     </span>
     <span class='ocr_line' id='line_1_24' title="bbox 1992 1714 2739 1783; baseline -0.003 -15"><span class='ocrx_word' id='word_1_109' title='bbox 1992 1732 2080 1768; x_wconf 85' lang='lat' dir='ltr'><strong>sus</strong></span> <span class='ocrx_word' id='word_1_110' title='bbox 2096 1714 2380 1768; x_wconf 87' lang='lat' dir='ltr'><strong>avaritiam</strong></span> <span class='ocrx_word' id='word_1_111' title='bbox 2400 1729 2593 1783; x_wconf 87' lang='lat' dir='ltr'><strong>parum</strong></span> <span class='ocrx_word' id='word_1_112' title='bbox 2612 1729 2739 1768; x_wconf 83' lang='lat' dir='ltr'><strong>con·</strong></span> 
     </span>
     <span class='ocr_line' id='line_1_25' title="bbox 1993 1786 2217 1842; baseline 0.009 -2"><span class='ocrx_word' id='word_1_113' title='bbox 1993 1786 2217 1842; x_wconf 84' lang='lat' dir='ltr'><strong>suluisse</strong></span> 
     </span>
    </p>
   </div>
   <div class='ocr_carea' id='block_1_9' title="bbox 489 1142 1217 1355">
    <p class='ocr_par' dir='ltr' id='par_1_11' title="bbox 489 1142 1217 1355">
     <span class='ocr_line' id='line_1_26' title="bbox 504 1142 1217 1213; baseline 0.001 -16"><span class='ocrx_word' id='word_1_114' title='bbox 504 1142 561 1211; x_wconf 81' lang='lat'><strong>4)</strong></span> <span class='ocrx_word' id='word_1_115' title='bbox 613 1158 842 1213; x_wconf 91' lang='lat' dir='ltr'><strong>quorum</strong></span> <span class='ocrx_word' id='word_1_116' title='bbox 895 1143 1217 1199; x_wconf 85' lang='lat' dir='ltr'><strong>auctoritate</strong></span> 
     </span>
     <span class='ocr_line' id='line_1_27' title="bbox 506 1213 1216 1282; baseline 0.004 -14"><span class='ocrx_word' id='word_1_117' title='bbox 506 1230 607 1269; x_wconf 87' lang='lat' dir='ltr'><strong>uae</strong></span> <span class='ocrx_word' id='word_1_118' title='bbox 652 1213 963 1282; x_wconf 74' lang='lat' dir='ltr'><strong>deliquisset</strong></span> <span class='ocrx_word' id='word_1_119' title='bbox 1008 1216 1216 1271; x_wconf 87' lang='lat' dir='ltr'><strong>munita</strong></span> 
     </span>
     <span class='ocr_line' id='line_1_28' title="bbox 489 1288 873 1355; baseline -0.003 -14"><span class='ocrx_word' id='word_1_120' title='bbox 489 1301 582 1341; x_wconf 89' lang='lat' dir='ltr'><strong>ore</strong></span> <span class='ocrx_word' id='word_1_121' title='bbox 617 1288 873 1355; x_wconf 86' lang='lat' dir='ltr'><strong>sperabat</strong></span> 
     </span>
    </p>
   </div>
   <div class='ocr_carea' id='block_1_10' title="bbox 462 1496 1972 2194">
    <p class='ocr_par' dir='ltr' id='par_1_12' title="bbox 464 1496 1706 1855">
     <span class='ocr_line' id='line_1_29' title="bbox 505 1496 1212 1566; baseline -0.006 -12"><span class='ocrx_word' id='word_1_122' title='bbox 505 1497 561 1566; x_wconf 79' lang='grc' dir='ltr'><strong>ὅ)</strong></span> <span class='ocrx_word' id='word_1_123' title='bbox 577 1514 705 1552; x_wconf 84' lang='lat' dir='ltr'><strong>nam</strong></span> <span class='ocrx_word' id='word_1_124' title='bbox 717 1497 775 1550; x_wconf 91' lang='lat' dir='ltr'><strong>in</strong></span> <span class='ocrx_word' id='word_1_125' title='bbox 793 1496 1014 1552; x_wconf 88' lang='lat' dir='ltr'><strong>consule</strong></span> <span class='ocrx_word' id='word_1_126' title='bbox 1024 1500 1212 1550; x_wconf 85' lang='lat' dir='ltr'><strong>nostro</strong></span> 
     </span>
     <span class='ocr_line' id='line_1_30' title="bbox 466 1569 1212 1638; baseline -0.004 -14"><span class='ocrx_word' id='word_1_127' title='bbox 466 1571 668 1624; x_wconf 90' lang='lat' dir='ltr'><strong>multae</strong></span> <span class='ocrx_word' id='word_1_128' title='bbox 729 1569 1008 1638; x_wconf 88' lang='lat' dir='ltr'><strong>bonaeque</strong></span> <span class='ocrx_word' id='word_1_129' title='bbox 1069 1572 1212 1621; x_wconf 86' lang='lat' dir='ltr'><strong>artes</strong></span> 
     </span>
     <span class='ocr_line' id='line_1_31' title="bbox 464 1640 1211 1708; baseline -0.005 -12"><span class='ocrx_word' id='word_1_130' title='bbox 464 1640 633 1696; x_wconf 87' lang='lat' dir='ltr'><strong>animi</strong></span> <span class='ocrx_word' id='word_1_131' title='bbox 668 1646 724 1694; x_wconf 89' lang='lat' dir='ltr'><strong>et</strong></span> <span class='ocrx_word' id='word_1_132' title='bbox 759 1640 1002 1708; x_wconf 85' lang='lat' dir='ltr'><strong>corporis</strong></span> <span class='ocrx_word' id='word_1_133' title='bbox 1039 1642 1211 1703; x_wconf 84' lang='lat' dir='ltr'><strong>erant,</strong></span> 
     </span>
     <span class='ocr_line' id='line_1_32' title="bbox 465 1711 1212 1782; baseline -0.004 -15"><span class='ocrx_word' id='word_1_134' title='bbox 465 1729 596 1782; x_wconf 91' lang='lat' dir='ltr'><strong>quas</strong></span> <span class='ocrx_word' id='word_1_135' title='bbox 619 1712 794 1775; x_wconf 87' lang='lat' dir='ltr'><strong>omnis</strong></span> <span class='ocrx_word' id='word_1_136' title='bbox 813 1711 1041 1767; x_wconf 86' lang='lat' dir='ltr'><strong>avaritia</strong></span> <span class='ocrx_word' id='word_1_137' title='bbox 1059 1727 1212 1780; x_wconf 87' lang='lat' dir='ltr'><strong>prae·</strong></span> 
     </span>
     <span class='ocr_line' id='line_1_33' title="bbox 464 1784 1706 1855; baseline -0.003 -16"><span class='ocrx_word' id='word_1_138' title='bbox 464 1784 724 1855; x_wconf 84' lang='lat' dir='ltr'><strong>pediebat</strong></span> <span class='ocrx_word' id='word_1_139' title='bbox 1520 1812 1523 1816; x_wconf 77' lang='lat'><em>,</em></span> <span class='ocrx_word' id='word_1_140' title='bbox 1703 1844 1706 1847; x_wconf 21' lang='lat'>¹</span> 
     </span>
    </p>

    <p class='ocr_par' dir='ltr' id='par_1_13' title="bbox 462 1849 1972 2194">
     <span class='ocr_line' id='line_1_34' title="bbox 529 1849 1971 1924; baseline 0 -15"><span class='ocrx_word' id='word_1_141' title='bbox 529 1872 660 1924; x_wconf 86' lang='lat' dir='ltr'><strong>quas</strong></span> <span class='ocrx_word' id='word_1_142' title='bbox 733 1852 909 1909; x_wconf 88' lang='lat' dir='ltr'><strong>omnis</strong></span> <span class='ocrx_word' id='word_1_143' title='bbox 982 1850 1211 1910; x_wconf 85' lang='lat' dir='ltr'><strong>avaritia</strong></span> <span class='ocrx_word' id='word_1_144' title='bbox 1263 1849 1290 1903; x_wconf 93' lang='grc' dir='ltr'>Ι</span> <span class='ocrx_word' id='word_1_145' title='bbox 1332 1851 1398 1903; x_wconf 92' lang='grc'><strong>10</strong></span> <span class='ocrx_word' id='word_1_146' title='bbox 1443 1866 1606 1919; x_wconf 88' lang='lat' dir='ltr'><strong>quem</strong></span> <span class='ocrx_word' id='word_1_147' title='bbox 1648 1850 1971 1909; x_wconf 89' lang='lat' dir='ltr'><strong>desiderium</strong></span> 
     </span>
     <span class='ocr_line' id='line_1_35' title="bbox 462 1925 1972 2052; baseline 0.001 -73"><span class='ocrx_word' id='word_1_148' title='bbox 462 1925 851 2052; x_wconf 55' lang='lat' dir='ltr'><strong>pffiediebat</strong></span> <span class='ocrx_word' id='word_1_149' title='bbox 916 1999 1074 2050; x_wconf 59' lang='lat' dir='ltr'><strong>oum</strong></span> <span class='ocrx_word' id='word_1_150' title='bbox 1156 2009 1184 2048; x_wconf 67' lang='lat' dir='ltr'>e</span> <span class='ocrx_word' id='word_1_151' title='bbox 1230 1925 1486 2047; x_wconf 58' lang='lat' dir='ltr'><strong>alrggttavd.</strong></span> <span class='ocrx_word' id='word_1_152' title='bbox 1509 1960 1563 2047; x_wconf 68' lang='lat' dir='ltr'><strong>.e.</strong></span> <span class='ocrx_word' id='word_1_153' title='bbox 1579 1926 1972 2051; x_wconf 67' lang='lat' dir='ltr'><strong>praepfediebat</strong></span> 
     </span>
     <span class='ocr_line' id='line_1_36' title="bbox 462 2003 1972 2194; baseline 0.001 -142"><span class='ocrx_word' id='word_1_154' title='bbox 462 2013 866 2194; x_wconf 49' lang='lat' dir='ltr'><strong>riculgfflumzz</strong></span> <span class='ocrx_word' id='word_1_155' title='bbox 883 2012 913 2050; x_wconf 87' lang='lat' dir='ltr'><strong>c</strong></span> <span class='ocrx_word' id='word_1_156' title='bbox 1115 2012 1153 2064; x_wconf 89' lang='lat' dir='ltr'><strong>p</strong></span> <span class='ocrx_word' id='word_1_157' title='bbox 1228 2011 1657 2121; x_wconf 50' lang='lat' dir='ltr'><strong>firm-issigugsus</strong></span> <span class='ocrx_word' id='word_1_158' title='bbox 1680 2015 1737 2051; x_wconf 89' lang='lat' dir='ltr'><strong>m</strong></span> <span class='ocrx_word' id='word_1_159' title='bbox 1759 2003 1972 2054; x_wconf 83' lang='lat' dir='ltr'><strong>ortuma</strong></span> 
     </span>
    </p>
   </div>
   <div class='ocr_carea' id='block_1_11' title="bbox 460 2205 1208 2339">
    <p class='ocr_par' dir='ltr' id='par_1_14' title="bbox 460 2205 1208 2339">
     <span class='ocr_line' id='line_1_37' title="bbox 499 2205 1208 2279; baseline -0.007 -14"><span class='ocrx_word' id='word_1_160' title='bbox 499 2211 551 2279; x_wconf 89' lang='lat'><strong>1)</strong></span> <span class='ocrx_word' id='word_1_161' title='bbox 577 2210 786 2266; x_wconf 88' lang='lat' dir='ltr'><strong>animus</strong></span> <span class='ocrx_word' id='word_1_162' title='bbox 797 2222 961 2279; x_wconf 84' lang='lat' dir='ltr'><strong>aeger</strong></span> <span class='ocrx_word' id='word_1_163' title='bbox 981 2205 1208 2262; x_wconf 88' lang='lat' dir='ltr'><strong>avaritia</strong></span> 
     </span>
     <span class='ocr_line' id='line_1_38' title="bbox 460 2280 1065 2339; baseline -0.005 -4"><span class='ocrx_word' id='word_1_164' title='bbox 460 2280 615 2339; x_wconf 79' lang='lat' dir='ltr'><strong>facile</strong></span> <span class='ocrx_word' id='word_1_165' title='bbox 654 2296 944 2338; x_wconf 86' lang='lat' dir='ltr'><strong>conversus</strong></span> <span class='ocrx_word' id='word_1_166' title='bbox 981 2282 1065 2333; x_wconf 87' lang='lat' dir='ltr'><strong>est</strong></span> 
     </span>
    </p>
   </div>
   <div class='ocr_carea' id='block_1_12' title="bbox 1986 2204 2733 2427">
    <p class='ocr_par' dir='ltr' id='par_1_15' title="bbox 1986 2204 2733 2427">
     <span class='ocr_line' id='line_1_39' title="bbox 2024 2204 2733 2284; baseline -0.003 -16"><span class='ocrx_word' id='word_1_167' title='bbox 2024 2212 2065 2268; x_wconf 84' lang='lat' dir='ltr'>C</span> <span class='ocrx_word' id='word_1_168' title='bbox 2110 2213 2165 2267; x_wconf 94' lang='lat' dir='ltr'><strong>II</strong></span> <span class='ocrx_word' id='word_1_169' title='bbox 2216 2214 2313 2284; x_wconf 87' lang='lat'><strong>18,</strong></span> <span class='ocrx_word' id='word_1_170' title='bbox 2377 2215 2410 2268; x_wconf 88' lang='lat'><strong>3</strong></span> <span class='ocrx_word' id='word_1_171' title='bbox 2470 2204 2733 2268; x_wconf 82' lang='lat' dir='ltr'><strong>sellicitus</strong></span> 
     </span>
     <span class='ocr_line' id='line_1_40' title="bbox 1987 2285 2731 2354; baseline -0.001 -16"><span class='ocrx_word' id='word_1_172' title='bbox 1987 2289 2170 2340; x_wconf 82' lang='lat' dir='ltr'><strong>tamen</strong></span> <span class='ocrx_word' id='word_1_173' title='bbox 2258 2285 2402 2354; x_wconf 84' lang='lat' dir='ltr'><strong>regis</strong></span> <span class='ocrx_word' id='word_1_174' title='bbox 2506 2285 2731 2354; x_wconf 69' lang='lat' dir='ltr'><strong>animuS,</strong></span> 
     </span>
     <span class='ocr_line' id='line_1_41' title="bbox 1986 2354 2731 2427; baseline -0.003 -17"><span class='ocrx_word' id='word_1_175' title='bbox 1986 2375 2149 2427; x_wconf 85' lang='lat' dir='ltr'><strong>aeger</strong></span> <span class='ocrx_word' id='word_1_176' title='bbox 2178 2357 2421 2426; x_wconf 85' lang='lat' dir='ltr'><strong>avaritia,</strong></span> <span class='ocrx_word' id='word_1_177' title='bbox 2456 2354 2615 2410; x_wconf 83' lang='lat' dir='ltr'><strong>facile</strong></span> <span class='ocrx_word' id='word_1_178' title='bbox 2645 2372 2731 2409; x_wconf 89' lang='lat' dir='ltr'><strong>su·</strong></span> 
     </span>
    </p>
   </div>
   <div class='ocr_carea' id='block_1_13' title="bbox 497 2433 2322 2564">
    <p class='ocr_par' dir='ltr' id='par_1_16' title="bbox 497 2433 2322 2564">
     <span class='ocr_line' id='line_1_42' title="bbox 497 2433 2322 2564; baseline -0.016 -13"><span class='ocrx_word' id='word_1_179' title='bbox 497 2494 554 2564; x_wconf 88' lang='lat'><strong>2)</strong></span> <span class='ocrx_word' id='word_1_180' title='bbox 605 2513 637 2550; x_wconf 87' lang='lat' dir='ltr'><strong>a</strong></span> <span class='ocrx_word' id='word_1_181' title='bbox 683 2495 830 2548; x_wconf 90' lang='lat' dir='ltr'><strong>bono</strong></span> <span class='ocrx_word' id='word_1_182' title='bbox 867 2491 1201 2562; x_wconf 85' lang='lat' dir='ltr'><strong>honestoque</strong></span> <span class='ocrx_word' id='word_1_183' title='bbox 1256 2488 1391 2544; x_wconf 86' lang='lat'><strong>1123</strong></span> <span class='ocrx_word' id='word_1_184' title='bbox 1420 2506 1452 2545; x_wconf 87' lang='lat' dir='ltr'><strong>a</strong></span> <span class='ocrx_word' id='word_1_185' title='bbox 1467 2489 1613 2546; x_wconf 91' lang='lat' dir='ltr'><strong>bono</strong></span> <span class='ocrx_word' id='word_1_186' title='bbox 1630 2489 1965 2562; x_wconf 72' lang='lat' dir='ltr'><strong>honestoque</strong></span> <span class='ocrx_word' id='word_1_187' title='bbox 1983 2433 2203 2498; x_wconf 52' lang='lat' dir='ltr'><strong>Paratus</strong></span> <span class='ocrx_word' id='word_1_188' title='bbox 2238 2433 2322 2485; x_wconf 67' lang='lat'><strong>⁶⁸¹²</strong></span> 
     </span>
    </p>
   </div>
   <div class='ocr_carea' id='block_1_14' title="bbox 458 2560 1393 2631">
    <p class='ocr_par' dir='ltr' id='par_1_17' title="bbox 458 2560 1393 2631">
     <span class='ocr_line' id='line_1_43' title="bbox 458 2560 1393 2631; baseline -0.006 -11"><span class='ocrx_word' id='word_1_189' title='bbox 458 2604 474 2620; x_wconf 89' lang='lat'><strong>.</strong></span> <span class='ocrx_word' id='word_1_190' title='bbox 514 2607 528 2621; x_wconf 91' lang='lat'><strong>.</strong></span> <span class='ocrx_word' id='word_1_191' title='bbox 569 2605 581 2618; x_wconf 91' lang='lat'><em>.</em></span> <span class='ocrx_word' id='word_1_192' title='bbox 618 2566 920 2620; x_wconf 85' lang='lat' dir='ltr'><strong>abstractus</strong></span> <span class='ocrx_word' id='word_1_193' title='bbox 957 2568 1039 2618; x_wconf 85' lang='lat' dir='ltr'><strong>est</strong></span> <span class='ocrx_word' id='word_1_194' title='bbox 1222 2560 1393 2631; x_wconf 88' lang='lat' dir='ltr'><strong>elapsi</strong></span> 
     </span>
    </p>
   </div>
   <div class='ocr_carea' id='block_1_15' title="bbox 493 2637 1965 2778">
    <p class='ocr_par' dir='ltr' id='par_1_18' title="bbox 493 2637 1965 2778">
     <span class='ocr_line' id='line_1_44' title="bbox 493 2637 1965 2778; baseline -0.005 -14"><span class='ocrx_word' id='word_1_195' title='bbox 493 2708 546 2777; x_wconf 92' lang='lat'><strong>1)</strong></span> <span class='ocrx_word' id='word_1_196' title='bbox 596 2724 696 2778; x_wconf 90' lang='lat' dir='ltr'><strong>per</strong></span> <span class='ocrx_word' id='word_1_197' title='bbox 741 2637 917 2773; x_wconf 47' lang='lat' dir='ltr'><strong>eggis</strong></span> <span class='ocrx_word' id='word_1_198' title='bbox 960 2706 1109 2760; x_wconf 85' lang='lat' dir='ltr'><strong>locos</strong></span> <span class='ocrx_word' id='word_1_199' title='bbox 1146 2707 1202 2758; x_wconf 91' lang='lat' dir='ltr'><strong>et</strong></span> <span class='ocrx_word' id='word_1_200' title='bbox 1258 2702 1304 2757; x_wconf 90' lang='lat' dir='ltr'><strong>V</strong></span> <span class='ocrx_word' id='word_1_201' title='bbox 1326 2702 1382 2755; x_wconf 90' lang='grc' dir='ltr'><strong>ΙΙ</strong></span> <span class='ocrx_word' id='word_1_202' title='bbox 1418 2719 1513 2758; x_wconf 89' lang='lat' dir='ltr'><strong>ore</strong></span> <span class='ocrx_word' id='word_1_203' title='bbox 1533 2703 1774 2758; x_wconf 90' lang='lat' dir='ltr'><strong>omnium</strong></span> <span class='ocrx_word' id='word_1_204' title='bbox 1795 2703 1965 2774; x_wconf 85' lang='lat' dir='ltr'><strong>agita-</strong></span> 
     </span>
    </p>
   </div>
   <div class='ocr_carea' id='block_1_16' title="bbox 455 2772 2760 2998">
    <p class='ocr_par' dir='ltr' id='par_1_19' title="bbox 455 2772 2760 2998">
     <span class='ocr_line' id='line_1_45' title="bbox 455 2772 1381 2836; baseline -0.011 0"><span class='ocrx_word' id='word_1_205' title='bbox 455 2783 750 2836; x_wconf 83' lang='lat' dir='ltr'><strong>conventus</strong></span> <span class='ocrx_word' id='word_1_206' title='bbox 771 2772 856 2833; x_wconf 36' lang='lat' dir='ltr'><strong>*de</strong></span> <span class='ocrx_word' id='word_1_207' title='bbox 888 2776 1034 2832; x_wconf 84' lang='lat' dir='ltr'><strong>facto</strong></span> <span class='ocrx_word' id='word_1_208' title='bbox 1071 2793 1196 2832; x_wconf 89' lang='lat' dir='ltr'><strong>con·</strong></span> <span class='ocrx_word' id='word_1_209' title='bbox 1218 2774 1381 2828; x_wconf 84' lang='lat' dir='ltr'><strong>batur</strong></span> 
     </span>
     <span class='ocr_line' id='line_1_46' title="bbox 455 2848 820 2919; baseline -0.014 -13"><span class='ocrx_word' id='word_1_210' title='bbox 455 2852 584 2906; x_wconf 87' lang='lat' dir='ltr'><strong>sulis</strong></span> <span class='ocrx_word' id='word_1_211' title='bbox 621 2848 820 2919; x_wconf 86' lang='lat' dir='ltr'><strong>agitari</strong></span> 
     </span>
     <span class='ocr_line' id='line_1_47' title="bbox 520 2914 2760 2998; baseline -0.011 -20"><span class='ocrx_word' id='word_1_212' title='bbox 520 2922 578 2992; x_wconf 86' lang='lat'><strong>2)</strong></span> <span class='ocrx_word' id='word_1_213' title='bbox 636 2924 827 2976; x_wconf 81' lang='lat' dir='ltr'><strong>auctor</strong></span> <span class='ocrx_word' id='word_1_214' title='bbox 897 2921 954 2972; x_wconf 83' lang='lat' dir='ltr'><strong>et</strong></span> <span class='ocrx_word' id='word_1_215' title='bbox 1022 2917 1197 2972; x_wconf 87' lang='lat' dir='ltr'><strong>socius</strong></span> <span class='ocrx_word' id='word_1_216' title='bbox 1251 2914 1307 2968; x_wconf 89' lang='lat'><strong>11</strong></span> <span class='ocrx_word' id='word_1_217' title='bbox 1322 2916 1390 2969; x_wconf 88' lang='lat'><strong>31</strong></span> <span class='ocrx_word' id='word_1_218' title='bbox 1418 2914 1557 2970; x_wconf 87' lang='lat' dir='ltr'><strong>duce</strong></span> <span class='ocrx_word' id='word_1_219' title='bbox 1572 2918 1732 2984; x_wconf 87' lang='lat' dir='ltr'><strong>atque</strong></span> <span class='ocrx_word' id='word_1_220' title='bbox 1746 2919 1962 2970; x_wconf 84' lang='lat' dir='ltr'><strong>auctore</strong></span> <span class='ocrx_word' id='word_1_221' title='bbox 2016 2920 2092 2978; x_wconf 81' lang='grc' dir='ltr'><strong>Μ’</strong></span> <span class='ocrx_word' id='word_1_222' title='bbox 2111 2928 2163 2988; x_wconf 75' lang='grc'><strong>6,</strong></span> <span class='ocrx_word' id='word_1_223' title='bbox 2198 2926 2234 2979; x_wconf 80' lang='lat'>4</span> <span class='ocrx_word' id='word_1_224' title='bbox 2269 2929 2456 2981; x_wconf 55' lang='lat' dir='ltr'><strong>wetm-</strong></span> <span class='ocrx_word' id='word_1_225' title='bbox 2489 2930 2545 2983; x_wconf 60' lang='lat' dir='ltr'><strong>et</strong></span> <span class='ocrx_word' id='word_1_226' title='bbox 2577 2927 2723 2998; x_wconf 66' lang='lat' dir='ltr'><strong>prin,</strong></span> <span class='ocrx_word' id='word_1_227' title='bbox 2754 2949 2760 2954; x_wconf 92' lang='lat'>.</span> 
     </span>
    </p>
   </div>
   <div class='ocr_carea' id='block_1_17' title="bbox 450 2985 2463 3135">
    <p class='ocr_par' dir='ltr' id='par_1_20' title="bbox 450 2985 2463 3135">
     <span class='ocr_line' id='line_1_48' title="bbox 450 2985 2463 3066; baseline -0.007 -17"><span class='ocrx_word' id='word_1_228' title='bbox 450 2993 665 3050; x_wconf 87' lang='lat' dir='ltr'><strong>Bestiae</strong></span> <span class='ocrx_word' id='word_1_229' title='bbox 699 2990 975 3046; x_wconf 83' lang='lat' dir='ltr'><strong>ferebatur</strong></span> <span class='ocrx_word' id='word_1_230' title='bbox 1215 2985 1428 3040; x_wconf 89' lang='lat' dir='ltr'><strong>Achille</strong></span> <span class='ocrx_word' id='word_1_231' title='bbox 1980 3012 2108 3066; x_wconf 61' lang='lat'><strong>0093</strong></span> <span class='ocrx_word' id='word_1_232' title='bbox 2142 2997 2463 3054; x_wconf 67' lang='lat' dir='ltr'><strong>Arianorum</strong></span> 
     </span>
     <span class='ocr_line' id='line_1_49' title="bbox 501 3057 1959 3135; baseline -0.005 -15"><span class='ocrx_word' id='word_1_233' title='bbox 501 3065 556 3135; x_wconf 82' lang='lat'><strong>8)</strong></span> <span class='ocrx_word' id='word_1_234' title='bbox 605 3063 751 3117; x_wconf 89' lang='lat' dir='ltr'><strong>inter</strong></span> <span class='ocrx_word' id='word_1_235' title='bbox 796 3060 1195 3117; x_wconf 86' lang='lat' dir='ltr'><strong>dubitationem</strong></span> <span class='ocrx_word' id='word_1_236' title='bbox 1249 3057 1277 3111; x_wconf 88' lang='grc' dir='ltr'><strong>Ι</strong></span> <span class='ocrx_word' id='word_1_237' title='bbox 1297 3061 1365 3112; x_wconf 88' lang='grc'><strong>21</strong></span> <span class='ocrx_word' id='word_1_238' title='bbox 1403 3057 1549 3112; x_wconf 87' lang='lat' dir='ltr'><strong>inter</strong></span> <span class='ocrx_word' id='word_1_239' title='bbox 1564 3060 1777 3113; x_wconf 88' lang='lat' dir='ltr'><strong>tantam</strong></span> <span class='ocrx_word' id='word_1_240' title='bbox 1792 3058 1959 3114; x_wconf 86' lang='lat' dir='ltr'><strong>animi</strong></span> 
     </span>
    </p>
   </div>
   <div class='ocr_carea' id='block_1_18' title="bbox 448 3127 1957 3492">
    <p class='ocr_par' dir='ltr' id='par_1_21' title="bbox 448 3127 1957 3492">
     <span class='ocr_line' id='line_1_50' title="bbox 451 3127 1612 3193; baseline -0.009 0"><span class='ocrx_word' id='word_1_241' title='bbox 451 3140 509 3193; x_wconf 88' lang='lat' dir='ltr'><strong>et</strong></span> <span class='ocrx_word' id='word_1_242' title='bbox 540 3151 724 3191; x_wconf 89' lang='lat' dir='ltr'><strong>moras</strong></span> <span class='ocrx_word' id='word_1_243' title='bbox 759 3136 973 3188; x_wconf 88' lang='lat' dir='ltr'><strong>senatus</strong></span> <span class='ocrx_word' id='word_1_244' title='bbox 1216 3127 1612 3186; x_wconf 81' lang='lat' dir='ltr'><strong>dubitationem</strong></span> 
     </span>
     <span class='ocr_line' id='line_1_51' title="bbox 488 3209 1956 3348; baseline -0.005 -15"><span class='ocrx_word' id='word_1_245' title='bbox 488 3280 545 3344; x_wconf 70' lang='grc' dir='ltr'><strong>Ξ]</strong></span> <span class='ocrx_word' id='word_1_246' title='bbox 569 3294 732 3348; x_wconf 71' lang='lat' dir='ltr'><strong>quam</strong></span> <span class='ocrx_word' id='word_1_247' title='bbox 748 3209 907 3330; x_wconf 50' lang='lat' dir='ltr'><strong>fgelde</strong></span> <span class='ocrx_word' id='word_1_248' title='bbox 923 3291 1192 3344; x_wconf 90' lang='lat' dir='ltr'><strong>quamque</strong></span> <span class='ocrx_word' id='word_1_249' title='bbox 1247 3271 1297 3330; x_wconf 84' lang='lat' dir='ltr'><strong>V</strong></span> <span class='ocrx_word' id='word_1_250' title='bbox 1315 3273 1383 3327; x_wconf 89' lang='lat'><strong>12</strong></span> <span class='ocrx_word' id='word_1_251' title='bbox 1404 3271 1563 3326; x_wconf 85' lang='lat' dir='ltr'><strong>foede</strong></span> <span class='ocrx_word' id='word_1_252' title='bbox 1580 3275 1741 3340; x_wconf 90' lang='lat' dir='ltr'><strong>atque</strong></span> <span class='ocrx_word' id='word_1_253' title='bbox 1758 3271 1956 3326; x_wconf 85' lang='lat' dir='ltr'><strong>inultos</strong></span> 
     </span>
     <span class='ocr_line' id='line_1_52' title="bbox 448 3344 1602 3420; baseline -0.006 -16"><span class='ocrx_word' id='word_1_254' title='bbox 448 3352 605 3404; x_wconf 74' lang='lat' dir='ltr'><strong>inulti</strong></span> <span class='ocrx_word' id='word_1_255' title='bbox 645 3348 903 3420; x_wconf 72' lang='lat' dir='ltr'><strong>perierint</strong></span> <span class='ocrx_word' id='word_1_256' title='bbox 1211 3344 1602 3400; x_wconf 84' lang='lat' dir='ltr'><strong>obtruncavere</strong></span> 
     </span>
     <span class='ocr_line' id='line_1_53' title="bbox 488 3413 1957 3492; baseline -0.005 -16"><span class='ocrx_word' id='word_1_257' title='bbox 488 3424 541 3492; x_wconf 77' lang='lat'><strong>5]</strong></span> <span class='ocrx_word' id='word_1_258' title='bbox 601 3437 785 3476; x_wconf 69' lang='lat' dir='ltr'><strong>verum</strong></span> <span class='ocrx_word' id='word_1_259' title='bbox 841 3418 900 3472; x_wconf 93' lang='lat' dir='ltr'><strong>id</strong></span> <span class='ocrx_word' id='word_1_260' title='bbox 955 3457 970 3470; x_wconf 92' lang='lat'><strong>.</strong></span> <span class='ocrx_word' id='word_1_261' title='bbox 1003 3452 1019 3468; x_wconf 89' lang='lat'><strong>.</strong></span> <span class='ocrx_word' id='word_1_262' title='bbox 1057 3454 1074 3471; x_wconf 86' lang='lat'><strong>.</strong></span> <span class='ocrx_word' id='word_1_263' title='bbox 1133 3415 1188 3467; x_wconf 89' lang='lat' dir='ltr'><strong>in</strong></span> <span class='ocrx_word' id='word_1_264' title='bbox 1246 3415 1300 3468; x_wconf 82' lang='grc' dir='ltr'><strong>ΙΙ</strong></span> <span class='ocrx_word' id='word_1_265' title='bbox 1337 3416 1406 3468; x_wconf 83' lang='grc'><strong>21</strong></span> <span class='ocrx_word' id='word_1_266' title='bbox 1459 3419 1643 3475; x_wconf 81' lang='lat' dir='ltr'><strong>cetera</strong></span> <span class='ocrx_word' id='word_1_267' title='bbox 1685 3413 1744 3468; x_wconf 89' lang='lat' dir='ltr'><strong>in</strong></span> <span class='ocrx_word' id='word_1_268' title='bbox 1792 3430 1957 3469; x_wconf 88' lang='lat' dir='ltr'><strong>manu</strong></span> 
     </span>
    </p>
   </div>
   <div class='ocr_carea' id='block_1_19' title="bbox 448 3486 1955 3634">
    <p class='ocr_par' dir='ltr' id='par_1_22' title="bbox 448 3486 1955 3634">
     <span class='ocr_line' id='line_1_54' title="bbox 448 3486 1691 3550; baseline -0.01 -1"><span class='ocrx_word' id='word_1_269' title='bbox 448 3498 634 3550; x_wconf 84' lang='lat' dir='ltr'><strong>vostra</strong></span> <span class='ocrx_word' id='word_1_270' title='bbox 668 3508 834 3546; x_wconf 88' lang='lat' dir='ltr'><strong>manu</strong></span> <span class='ocrx_word' id='word_1_271' title='bbox 869 3488 1036 3543; x_wconf 84' lang='lat' dir='ltr'><strong>situm</strong></span> <span class='ocrx_word' id='word_1_272' title='bbox 1071 3488 1157 3540; x_wconf 85' lang='lat' dir='ltr'><strong>est</strong></span> <span class='ocrx_word' id='word_1_273' title='bbox 1209 3489 1387 3541; x_wconf 81' lang='lat' dir='ltr'><strong>vestra</strong></span> <span class='ocrx_word' id='word_1_274' title='bbox 1421 3486 1526 3539; x_wconf 84' lang='lat' dir='ltr'><strong>sita</strong></span> <span class='ocrx_word' id='word_1_275' title='bbox 1564 3487 1691 3538; x_wconf 87' lang='lat' dir='ltr'><strong>sunt</strong></span> 
     </span>
     <span class='ocr_line' id='line_1_55' title="bbox 482 3556 1955 3634; baseline -0.008 -14"><span class='ocrx_word' id='word_1_276' title='bbox 482 3564 539 3634; x_wconf 84' lang='lat'><strong>6)</strong></span> <span class='ocrx_word' id='word_1_277' title='bbox 596 3566 786 3618; x_wconf 85' lang='lat' dir='ltr'><strong>contra</strong></span> <span class='ocrx_word' id='word_1_278' title='bbox 832 3559 1054 3632; x_wconf 77' lang='lat' dir='ltr'><strong>injurias</strong></span> <span class='ocrx_word' id='word_1_279' title='bbox 1106 3573 1188 3612; x_wconf 88' lang='lat' dir='ltr'><strong>ar·</strong></span> <span class='ocrx_word' id='word_1_280' title='bbox 1243 3556 1298 3610; x_wconf 90' lang='lat' dir='ltr'><strong>H</strong></span> <span class='ocrx_word' id='word_1_281' title='bbox 1321 3559 1388 3611; x_wconf 86' lang='lat'><strong>12</strong></span> <span class='ocrx_word' id='word_1_282' title='bbox 1409 3557 1605 3610; x_wconf 87' lang='lat' dir='ltr'><strong>armati</strong></span> <span class='ocrx_word' id='word_1_283' title='bbox 1622 3557 1752 3609; x_wconf 87' lang='lat' dir='ltr'><strong>eunt</strong></span> <span class='ocrx_word' id='word_1_284' title='bbox 1767 3557 1955 3610; x_wconf 87' lang='lat' dir='ltr'><strong>contra</strong></span> 
     </span>
    </p>
   </div>
   <div class='ocr_carea' id='block_1_20' title="bbox 440 3636 1955 3776">
    <p class='ocr_par' dir='ltr' id='par_1_23' title="bbox 440 3636 1955 3776">
     <span class='ocr_line' id='line_1_56' title="bbox 440 3636 748 3694; baseline -0.019 1"><span class='ocrx_word' id='word_1_285' title='bbox 440 3636 578 3694; x_wconf 87' lang='lat' dir='ltr'><strong>mati</strong></span> <span class='ocrx_word' id='word_1_286' title='bbox 612 3636 748 3691; x_wconf 84' lang='lat' dir='ltr'><strong>eatis</strong></span> 
     </span>
     <span class='ocr_line' id='line_1_57' title="bbox 472 3695 1955 3776; baseline -0.009 -12"><span class='ocrx_word' id='word_1_287' title='bbox 472 3712 690 3764; x_wconf 89' lang='lat' dir='ltr'><strong>suomet</strong></span> <span class='ocrx_word' id='word_1_288' title='bbox 722 3703 830 3776; x_wconf 83' lang='lat' dir='ltr'><strong>ipsi</strong></span> <span class='ocrx_word' id='word_1_289' title='bbox 850 3718 1005 3758; x_wconf 92' lang='lat' dir='ltr'><strong>more</strong></span> <span class='ocrx_word' id='word_1_290' title='bbox 1035 3710 1186 3772; x_wconf 78' lang='lat' dir='ltr'><strong>prae·-</strong></span> <span class='ocrx_word' id='word_1_291' title='bbox 1245 3697 1322 3755; x_wconf 83' lang='lat' dir='ltr'><strong>V&#39;I</strong></span> <span class='ocrx_word' id='word_1_292' title='bbox 1358 3699 1428 3752; x_wconf 91' lang='grc'><strong>10</strong></span> <span class='ocrx_word' id='word_1_293' title='bbox 1465 3696 1588 3753; x_wconf 90' lang='lat' dir='ltr'><strong>ced.</strong></span> <span class='ocrx_word' id='word_1_294' title='bbox 1623 3697 1684 3751; x_wconf 92' lang='lat' dir='ltr'><strong>P.</strong></span> <span class='ocrx_word' id='word_1_295' title='bbox 1720 3695 1835 3751; x_wconf 87' lang='lat' dir='ltr'><strong>sive</strong></span> <span class='ocrx_word' id='word_1_296' title='bbox 1858 3695 1955 3751; x_wconf 87' lang='lat' dir='ltr'><strong>do·</strong></span> 
     </span>
    </p>
   </div>
   <div class='ocr_carea' id='block_1_21' title="bbox 439 3767 1953 4126">
    <p class='ocr_par' dir='ltr' id='par_1_24' title="bbox 440 3767 1924 3858">
     <span class='ocr_line' id='line_1_58' title="bbox 440 3767 1924 3858; baseline -0.011 -23"><span class='ocrx_word' id='word_1_297' title='bbox 440 3781 633 3849; x_wconf 89' lang='lat' dir='ltr'><strong>cipites</strong></span> <span class='ocrx_word' id='word_1_298' title='bbox 669 3781 797 3833; x_wconf 86' lang='lat' dir='ltr'><strong>eant</strong></span> <span class='ocrx_word' id='word_1_299' title='bbox 929 3845 940 3858; x_wconf 35' lang='grc' dir='ltr'><strong><em>ο</em></strong></span> <span class='ocrx_word' id='word_1_300' title='bbox 1207 3772 1322 3825; x_wconf 89' lang='lat' dir='ltr'><strong>lore</strong></span> <span class='ocrx_word' id='word_1_301' title='bbox 1353 3786 1615 3839; x_wconf 87' lang='lat' dir='ltr'><strong>praeceps</strong></span> <span class='ocrx_word' id='word_1_302' title='bbox 1650 3767 1776 3823; x_wconf 89' lang='lat' dir='ltr'><strong>ierit</strong></span> <span class='ocrx_word' id='word_1_303' title='bbox 1912 3839 1924 3852; x_wconf 36' lang='lat'>⁸</span> 
     </span>
    </p>

    <p class='ocr_par' dir='ltr' id='par_1_25' title="bbox 439 3838 1953 4126">
     <span class='ocr_line' id='line_1_59' title="bbox 475 3838 1953 3920; baseline -0.009 -15"><span class='ocrx_word' id='word_1_304' title='bbox 475 3852 530 3920; x_wconf 84' lang='lat'><strong>8)</strong></span> <span class='ocrx_word' id='word_1_305' title='bbox 580 3848 842 3919; x_wconf 84' lang='lat' dir='ltr'><strong>quidquid</strong></span> <span class='ocrx_word' id='word_1_306' title='bbox 898 3860 1014 3911; x_wconf 68' lang='lat' dir='ltr'><strong>sine</strong></span> <span class='ocrx_word' id='word_1_307' title='bbox 1067 3859 1186 3898; x_wconf 87' lang='lat' dir='ltr'><strong>san-</strong></span> <span class='ocrx_word' id='word_1_308' title='bbox 1240 3842 1296 3896; x_wconf 93' lang='lat'><strong>11</strong></span> <span class='ocrx_word' id='word_1_309' title='bbox 1341 3845 1410 3897; x_wconf 86' lang='grc'><strong>21</strong></span> <span class='ocrx_word' id='word_1_310' title='bbox 1461 3855 1796 3908; x_wconf 83' lang='lat' dir='ltr'><strong>consequens</strong></span> <span class='ocrx_word' id='word_1_311' title='bbox 1850 3838 1953 3893; x_wconf 88' lang='lat' dir='ltr'><strong>fu1t</strong></span> 
     </span>
     <span class='ocr_line' id='line_1_60' title="bbox 441 3913 1951 3993; baseline -0.008 -17"><span class='ocrx_word' id='word_1_312' title='bbox 441 3921 605 3993; x_wconf 79' lang='lat' dir='ltr'><strong>guine</strong></span> <span class='ocrx_word' id='word_1_313' title='bbox 641 3923 842 3976; x_wconf 83' lang='lat' dir='ltr'><strong>civium</strong></span> <span class='ocrx_word' id='word_1_314' title='bbox 876 3915 1067 3972; x_wconf 90' lang='lat' dir='ltr'><strong>ulcisci</strong></span> <span class='ocrx_word' id='word_1_315' title='bbox 1095 3932 1186 3969; x_wconf 89' lang='lat' dir='ltr'><strong>ne·</strong></span> <span class='ocrx_word' id='word_1_316' title='bbox 1208 3953 1222 3968; x_wconf 91' lang='lat'><strong>.</strong></span> <span class='ocrx_word' id='word_1_317' title='bbox 1259 3954 1272 3968; x_wconf 90' lang='lat'><em>.</em></span> <span class='ocrx_word' id='word_1_318' title='bbox 1313 3953 1328 3968; x_wconf 89' lang='lat'><strong>.</strong></span> <span class='ocrx_word' id='word_1_319' title='bbox 1364 3929 1465 3983; x_wconf 90' lang='lat' dir='ltr'><strong>per</strong></span> <span class='ocrx_word' id='word_1_320' title='bbox 1498 3913 1611 3968; x_wconf 82' lang='lat' dir='ltr'><strong>vim</strong></span> <span class='ocrx_word' id='word_1_321' title='bbox 1635 3915 1951 3980; x_wconf 86' lang='lat' dir='ltr'><strong>extorquere</strong></span> 
     </span>
     <span class='ocr_line' id='line_1_61' title="bbox 439 3983 1951 4064; baseline -0.009 -14"><span class='ocrx_word' id='word_1_322' title='bbox 439 3995 637 4064; x_wconf 88' lang='lat' dir='ltr'><strong>quitur,</strong></span> <span class='ocrx_word' id='word_1_323' title='bbox 669 3993 792 4062; x_wconf 82' lang='lat' dir='ltr'><strong>jure</strong></span> <span class='ocrx_word' id='word_1_324' title='bbox 828 3990 1034 4044; x_wconf 84' lang='lat' dir='ltr'><strong>factum</strong></span> <span class='ocrx_word' id='word_1_325' title='bbox 1067 3986 1140 4043; x_wconf 90' lang='lat' dir='ltr'><strong>sit</strong></span> <span class='ocrx_word' id='word_1_326' title='bbox 1206 3984 1351 4055; x_wconf 88' lang='lat' dir='ltr'><strong>quod</strong></span> <span class='ocrx_word' id='word_1_327' title='bbox 1424 3985 1600 4039; x_wconf 89' lang='lat' dir='ltr'><strong>amice</strong></span> <span class='ocrx_word' id='word_1_328' title='bbox 1670 3983 1951 4052; x_wconf 86' lang='lat' dir='ltr'><strong>impetrari</strong></span> 
     </span>
     <span class='ocr_line' id='line_1_62' title="bbox 1205 4056 1607 4126; baseline -0.002 -16"><span class='ocrx_word' id='word_1_329' title='bbox 1205 4056 1485 4126; x_wconf 89' lang='lat' dir='ltr'><strong>nequitum</strong></span> <span class='ocrx_word' id='word_1_330' title='bbox 1523 4059 1607 4110; x_wconf 87' lang='lat' dir='ltr'><strong>est</strong></span> 
     </span>
    </p>
   </div>
   <div class='ocr_carea' id='block_1_22' title="bbox 1917 3040 1975 4400">
    <p class='ocr_par' dir='ltr' id='par_1_26' title="bbox 1917 3040 1975 4400">
     <span class='ocr_line' id='line_1_63' title="bbox 1957 3040 1975 3233; baseline 0 -59"><span class='ocrx_word' id='word_1_331' title='bbox 1957 3040 1975 3233; x_wconf 95' lang='lat' dir='ltr'><strong>  </strong></span> 
     </span>
     <span class='ocr_line' id='line_1_64' title="bbox 1956 3233 1975 3673; baseline 0 -289"><span class='ocrx_word' id='word_1_332' title='bbox 1956 3233 1975 3673; x_wconf 95' lang='lat' dir='ltr'><strong>     </strong></span> 
     </span>
     <span class='ocr_line' id='line_1_65' title="bbox 1952 3673 1974 4018; baseline 0 0"><span class='ocrx_word' id='word_1_333' title='bbox 1952 3673 1974 4018; x_wconf 95' lang='lat' dir='ltr'><strong>   </strong></span> 
     </span>
     <span class='ocr_line' id='line_1_66' title="bbox 1950 4018 1969 4157; baseline 0 -53"><span class='ocrx_word' id='word_1_334' title='bbox 1950 4018 1969 4157; x_wconf 95' lang='lat' dir='ltr'><strong>  </strong></span> 
     </span>
     <span class='ocr_line' id='line_1_67' title="bbox 1917 4157 1967 4400; baseline 0 -104"><span class='ocrx_word' id='word_1_335' title='bbox 1917 4157 1967 4400; x_wconf 95' lang='lat' dir='ltr'><strong>   </strong></span> 
     </span>
    </p>
   </div>
   <div class='ocr_carea' id='block_1_23' title="bbox 490 4122 2716 4414">
    <p class='ocr_par' dir='ltr' id='par_1_27' title="bbox 490 4122 2716 4414">
     <span class='ocr_line' id='line_1_68' title="bbox 2007 4122 2713 4194; baseline -0.001 -16"><span class='ocrx_word' id='word_1_336' title='bbox 2007 4122 2048 4178; x_wconf 85' lang='lat' dir='ltr'><strong>G</strong></span> <span class='ocrx_word' id='word_1_337' title='bbox 2089 4125 2136 4178; x_wconf 92' lang='lat'><strong>1.</strong></span> <span class='ocrx_word' id='word_1_338' title='bbox 2178 4125 2260 4179; x_wconf 81' lang='lat'><strong>38.</strong></span> <span class='ocrx_word' id='word_1_339' title='bbox 2308 4125 2341 4178; x_wconf 89' lang='grc'>6</span> <span class='ocrx_word' id='word_1_340' title='bbox 2389 4123 2545 4194; x_wconf 84' lang='lat' dir='ltr'><strong>hujus</strong></span> <span class='ocrx_word' id='word_1_341' title='bbox 2590 4138 2713 4178; x_wconf 92' lang='lat' dir='ltr'><strong>eum</strong></span> 
     </span>
     <span class='ocr_line' id='line_1_69' title="bbox 1969 4193 2716 4266; baseline -0.001 -16"><span class='ocrx_word' id='word_1_342' title='bbox 1969 4193 2099 4250; x_wconf 77' lang='lat' dir='ltr'><strong>facti</strong></span> <span class='ocrx_word' id='word_1_343' title='bbox 2145 4212 2275 4251; x_wconf 83' lang='lat' dir='ltr'><strong>mex</strong></span> <span class='ocrx_word' id='word_1_344' title='bbox 2315 4195 2497 4266; x_wconf 83' lang='lat' dir='ltr'><strong>piguit</strong></span> <span class='ocrx_word' id='word_1_345' title='bbox 2531 4195 2716 4266; x_wconf 84' lang='lat' dir='ltr'><strong>paeni·</strong></span> 
     </span>
     <span class='ocr_line' id='line_1_70' title="bbox 1969 4266 2179 4336; baseline 0.005 -16"><span class='ocrx_word' id='word_1_346' title='bbox 1969 4266 2179 4336; x_wconf 83' lang='lat' dir='ltr'><strong>tuitque</strong></span> 
     </span>
     <span class='ocr_line' id='line_1_71' title="bbox 490 4335 2025 4414; baseline -0.002 -14"><span class='ocrx_word' id='word_1_347' title='bbox 490 4342 583 4411; x_wconf 92' lang='grc'><strong>11)</strong></span> <span class='ocrx_word' id='word_1_348' title='bbox 636 4344 781 4403; x_wconf 80' lang='lat' dir='ltr'><strong>servi</strong></span> <span class='ocrx_word' id='word_1_349' title='bbox 830 4359 956 4401; x_wconf 89' lang='lat' dir='ltr'><strong>aere</strong></span> <span class='ocrx_word' id='word_1_350' title='bbox 1005 4340 1184 4414; x_wconf 83' lang='lat' dir='ltr'><strong>parati</strong></span> <span class='ocrx_word' id='word_1_351' title='bbox 1233 4339 1291 4396; x_wconf 90' lang='lat'><strong>11</strong></span> <span class='ocrx_word' id='word_1_352' title='bbox 1316 4342 1384 4397; x_wconf 80' lang='lat'><strong>22</strong></span> <span class='ocrx_word' id='word_1_353' title='bbox 1415 4337 1711 4398; x_wconf 85' lang='lat' dir='ltr'><strong>dolendam</strong></span> <span class='ocrx_word' id='word_1_354' title='bbox 1727 4335 1917 4394; x_wconf 87' lang='lat' dir='ltr'><strong>hercul</strong></span> <span class='ocrx_word' id='word_1_355' title='bbox 1972 4369 1982 4378; x_wconf 64' lang='lat'><strong>»</strong></span> <span class='ocrx_word' id='word_1_356' title='bbox 2022 4389 2025 4397; x_wconf 19' lang='grc' dir='ltr'><strong>Α</strong></span> 
     </span>
    </p>
   </div>
   <div class='ocr_carea' id='block_1_24' title="bbox 433 4128 1185 4274">
    <p class='ocr_par' dir='ltr' id='par_1_28' title="bbox 433 4128 1185 4274">
     <span class='ocr_line' id='line_1_72' title="bbox 478 4128 1185 4201; baseline -0.006 -14"><span class='ocrx_word' id='word_1_357' title='bbox 478 4132 569 4201; x_wconf 90' lang='grc'><strong>10)</strong></span> <span class='ocrx_word' id='word_1_358' title='bbox 604 4147 778 4201; x_wconf 88' lang='lat' dir='ltr'><strong>neque</strong></span> <span class='ocrx_word' id='word_1_359' title='bbox 825 4146 944 4199; x_wconf 88' lang='lat' dir='ltr'><strong>eos,</strong></span> <span class='ocrx_word' id='word_1_360' title='bbox 993 4128 1085 4198; x_wconf 89' lang='lat' dir='ltr'><strong>qui</strong></span> <span class='ocrx_word' id='word_1_361' title='bbox 1121 4144 1185 4183; x_wconf 87' lang='lat' dir='ltr'><strong>ea</strong></span> 
     </span>
     <span class='ocr_line' id='line_1_73' title="bbox 433 4200 1185 4274; baseline -0.007 -16"><span class='ocrx_word' id='word_1_362' title='bbox 433 4201 627 4272; x_wconf 83' lang='lat' dir='ltr'><strong>fecere,</strong></span> <span class='ocrx_word' id='word_1_363' title='bbox 651 4203 823 4274; x_wconf 89' lang='lat' dir='ltr'><strong>pudet</strong></span> <span class='ocrx_word' id='word_1_364' title='bbox 835 4205 928 4256; x_wconf 88' lang='lat' dir='ltr'><strong>aut</strong></span> <span class='ocrx_word' id='word_1_365' title='bbox 941 4200 1185 4270; x_wconf 89' lang='lat' dir='ltr'><strong>paenitet</strong></span> 
     </span>
    </p>
   </div>
  </div>
 </body>
</html>
