3000 4792
1422 182 1507 245 63

311 381 465 424 vera
525 354 909 441 accipiundi.
997 351 1094 418 IV
1141 353 1224 419 73
1267 352 1498 417 consili
1543 373 1754 437 aeger.
1844 349 2013 418 Dict.
2062 353 2165 420 Cr.
2209 355 2275 421 II
2328 358 2400 422 17
2447 379 2600 424 con-

313 464 535 527 tentus
594 480 837 526 eorum.
930 455 1033 520 III
1079 456 1120 519 6
1186 456 1485 539 egregius
1543 453 1848 520 bellandi.
1934 456 2033 521 III
2080 461 2160 524 15
2214 459 2462 526 hostem
2507 484 2607 528 se-

322 589 550 632 curum
588 564 688 630 sui
736 561 1112 648 praevortit.
1200 558 1299 624 III
1344 559 1445 627 27„
1472 579 1734 624 securus
1770 559 1908 644 jam
1952 561 2141 628 filiae.
2231 564 2328 630 IV
2359 567 2439 630 13
2465 566 2605 632 viro

321 671 586 757 egregio
651 666 956 732 bellandi.
1060 661 1154 728 IV
1211 665 1286 729 15
1355 662 1649 728 inclitam
1712 664 2018 731 bellandi.
2107 666 2169 733 V
2213 669 2253 733 9
2312 691 2607 735 securum

324 776 424 840 sui
472 774 1012 854 secretorumque.
1102 766 1196 833 Vl
1242 767 1324 832 15
1369 768 1691 833 invalidus
1736 769 1993 835 virium.

500 893 562 962 S.
608 892 739 963 Sev.
784 891 851 958 C.
899 890 931 955 Ι
976 891 1045 965 2,
1114 895 1148 953 7
1219 888 1484 973 originis
1546 888 1905 973 degeneres.
1990 890 2054 955 H
2095 891 2165 971 4,
2223 894 2263 958 6
2323 892 2609 959 insolens

329 998 616 1085 parendi.
701 997 772 1063 II
823 997 921 1074 13,
969 994 1009 1059 5
1071 1014 1308 1078 anceps
1370 993 1645 1059 consilii.
1734 993 1797 1058 H
1843 995 1962 1073 46,
2022 996 2061 1059 4
2133 996 2483 1063 disserendi
2540 1019 2614 1062 ac

331 1103 699 1191 disputandi
743 1099 1282 1187 promptissimus.
1372 1098 1439 1163 Π
1483 1098 1591 1180 46,
1636 1100 1678 1162 4
1716 1099 1941 1165 utendi
1985 1101 2414 1184 parcissimus.

1268 1411 1313 1478 J
1316 1433 1423 1497 ug.
1472 1412 1576 1491 72,
1622 1413 1682 1477 2.

516 1640 561 1706 J
562 1639 898 1725 ugurthae,
958 1639 1319 1706 Bomilcare
1379 1641 1684 1725 aliisque,
1742 1663 1904 1724 quos
1949 1643 2279 1726 suspectos
2322 1642 2644 1720 habebat:

343 1745 696 1810 interfectis

519 1884 767 1950 »neque
811 1864 947 1929 dies
989 1866 1105 1929 aut
1147 1885 1276 1929 nox
1319 1865 1455 1929 ulla
1497 1866 1720 1948 quieta
1760 1864 1919 1931 fuit:
1967 1889 2176 1952 neque
2221 1867 2364 1933 loco
2412 1888 2623 1950 neque

343 1970 610 2034 mortali
670 1969 969 2052 cuiquam
1029 1971 1144 2031 aut
1203 1969 1481 2050 tempori
1545 1969 1699 2032 satis
1744 1970 2032 2050 credere,
2098 1971 2255 2035 civis
2298 1969 2626 2053 hostisque

339 2074 531 2159 juxta
586 2075 869 2137 metuere
885 2120 901 2148 ‚
969 2072 1502 2156 circumspectare
1562 2074 1778 2137 omnia
1837 2076 1904 2138 et
1961 2075 2139 2139 omni
2197 2075 2473 2159 strepitu
2516 2095 2630 2158 pa-

347 2196 622 2254 vescere,
666 2175 792 2240 alio
835 2177 1029 2258 atque
1075 2176 1201 2240 alio
1239 2176 1404 2252 loco,
1449 2197 1641 2261 saepe
1686 2179 1913 2241 contra
1936 2177 2129 2260 decus
2157 2177 2411 2262 regium
2432 2180 2631 2241 noctu

351 2279 769 2365 requiescere,
815 2279 1145 2343 interdum
1188 2300 1415 2343 somno
1463 2280 1711 2344 excitus
1739 2280 2021 2363 adreptis
2050 2281 2248 2346 armis
2269 2281 2634 2364 *tumultum

349 2386 602 2452 facere:
644 2385 738 2448 ita
780 2383 1125 2449 formidine
1169 2384 1355 2468 quasi
1400 2383 1700 2448 vecordia
1743 2385 2123 2468 exagitari«.
2532 2383 2538 2388 ’

522 2505 581 2572 Ε
645 2504 971 2571 codicibus
1017 2503 1084 2570 C.
1151 2505 1445 2590 plerique
1513 2508 1580 2571 et
1646 2505 1852 2589 prima
1896 2503 1975 2569 Pi
2031 2526 2261 2570 manus
2323 2506 2635 2571 exhibent

354 2631 621 2676 »somno
693 2610 1019 2684 excitus‹;
1106 2610 1501 2674 »exercitus«
1568 2607 1683 2686 P.;
1757 2610 2154 2674 »excitatus«
2218 2608 2286 2675 C.
2362 2609 2636 2693 reliqui3

357 2715 842 2797 »experrectus«
930 2712 1274 2777 Diomedes
1340 2736 1403 2797 p.
1470 2713 1620 2777 376.
1720 2710 1797 2775 In
1872 2711 1994 2775 hac
2066 2715 2255 2777 tauta
2328 2712 2638 2777 librorum

354 2816 667 2881 varietate
733 2817 844 2900 qui
905 2815 1175 2882 Sallusti
1243 2838 1440 2902 opera
1515 2817 1585 2880 in
1652 2837 1838 2880 usum
1903 2815 2236 2900 publicum
2302 2815 2639 2881 ediderunt

355 2920 596 3004 partim
636 2921 925 2986 codicum
967 2921 1314 2986 lectionem
1362 2922 1712 2998 »excitus«,
1758 2942 1838 2984 ex
1867 2940 1995 3002 qua
2028 2920 2385 3005 scripturae
2417 2939 2641 2985 »exer-

357 3024 587 3089 citus-:¹
612 3026 680 3089 et
728 3023 1124 3088 »excitatus«
1173 3023 1504 3108 profectae
1565 3045 1697 3088 esse
1744 3022 2072 3100 videntur,
2141 3023 2421 3108 amplexi
2465 3026 2638 3101 sunt,

359 3128 600 3213 partim
667 3119 927 3212 propter
987 3125 1359 3191 Diomedem
1376 3175 1392 3204 ,
1464 3127 1576 3211 qui
1643 3126 1818 3191 vocis
1878 3130 2362 3212 »experrectus«
2427 3128 2642 3213 gratia

357 3233 574 3299 locum
632 3230 898 3296 Sallusti
963 3230 1218 3312 laudat,
1283 3251 1505 3295 omnes
1569 3229 1819 3295 codices
1884 3234 2222 3317 corruptos
2287 3254 2421 3298 esse
2472 3231 2645 3317 judi-

355 3337 684 3403 caverunt·
772 3333 914 3409 Quo
983 3335 1051 3399 in
1115 3354 1383 3398 numero
1440 3331 1808 3398 Dietschius
1868 3337 2461 3401 commemorandus
2522 3338 2640 3415 est,

357 3462 437 3506 ex
493 3439 625 3505 illis
666 3438 711 3505 J
713 3439 995 3504 ordanus
1015 3485 1032 3517 ,
1101 3438 1215 3522 qui
1277 3437 1440 3503 mihi
1506 3437 1764 3521 quidem
1808 3437 2124 3503 veriorem
2181 3441 2500 3506 rationem
2542 3441 2643 3506 in-

364 3565 620 3627 gressus
666 3564 803 3609 esse
845 3543 1118 3608 videtur.

531 3662 825 3748 Namque
850 3667 905 3729 si
933 3664 1236 3766 Severum
1264 3665 1333 3728 in
1356 3664 1665 3749 epistolae
1691 3665 1957 3731 alterius
1981 3665 2390 3750 paragrapho
2414 3665 2645 3748 quinta

711 3787 1020 3870 »evigiloz
1086 3781 1438 3872 somnoque
1506 3787 1753 3852 excitus
1814 3786 2254 3872 congratulari
2310 3807 2645 3871 coeperam

710 3910 1004 3954 usioni«.

531 4011 910 4077 Sallustium
961 4015 1112 4076 ante
1159 4012 1377 4076 oculos
1421 4011 1725 4095 habuisse
1770 4010 2197 4076 demonstrari
2225 4014 2459 4095 potest,
2497 4011 2644 4093 jure

359 4117 580 4180 nostro
638 4114 1028 4201 scripturam
1089 4116 1414 4180 »excitus«
1486 4116 1717 4179 contra
1781 4111 2158 4178 Diomedem
2216 4112 2645 4179 defendemus.

356 4218 508 4284 Jam
564 4238 709 4284 cum
768 4241 905 4285 non
962 4218 1151 4286 modo
1212 4220 1284 4283 in
1340 4217 1651 4304 epistolae
1695 4216 2078 4282 Severianae
2134 4215 2323 4279 initio
2366 4213 2645 4280 imitatio

358 4321 626 4389 Sallusti
671 4324 970 4409 denegari
1016 4346 1150 4389 uon
1194 4322 1420 4407 possit,
