3000 4792
1556 189 1639 252 50

447 362 716 431 duorum
776 360 1065 426 codicum
1109 359 1185 424 Gr.
1233 359 1308 424 B.
1353 358 1644 443 vestigiis
1706 357 2021 421 »inlectus
2069 359 2183 441 qui
2229 358 2490 422 virtutis
2532 358 2734 424 socie-
2835 356 2852 361 ff

447 468 687 531 tatem«
738 462 1093 550 perfectum
1157 464 1438 552 „quivit‹
1487 461 1661 527 haud
1707 460 1901 527 dubie
1945 460 2298 526 rectissime
2353 462 2729 542 restitnerit,

447 574 518 637 in
561 569 842 635 Catilina
903 591 1158 654 quoque
1217 567 1481 634 Sallusti
1540 567 1642 632 vel
1702 568 1929 630 contra
1990 587 2211 632 omnes
2268 566 2471 632 libros
2534 587 2731 633 manu

449 676 727 758 scriptos
771 674 1035 741 verbum
1084 674 1421 757 ›quivere‹
1471 669 1939 736 restituendum
1981 670 2249 735 videtur.
2340 668 2526 745 Quod
2567 670 2731 736 mihi

449 779 707 863 quidem
752 778 874 842 hac
920 798 1177 863 quoque
1221 775 1307 840 de
1343 796 1536 841 causa
1581 775 1727 859 jure
1774 772 2015 838 factum
2061 796 2197 840 esse
2242 775 2515 853 videtur,
2563 775 2734 860 quod

450 881 792 947 Sallustius
836 882 1057 946 omnia
1099 901 1262 963 quae
1307 878 1699 945 antecedunt
1744 898 1877 941 una
1921 879 2103 960 quasi
2154 878 2731 963 comprehensione

451 987 823 1073 complexus
2129 982 2134 987 ’

799 1094 840 1172 ξ
885 1090 928 1153 4
989 1090 1127 1154 »set
1185 1087 1298 1152 ubi
1342 1087 1671 1153 consulem
1715 1089 1786 1152 at
1829 1089 2087 1151 tantum
2130 1085 2376 1151 facinus
2421 1087 2733 1172 inpellere

795 1194 1166 1276 nequeunt«

456 1320 590 1364 non
653 1296 849 1362 verbo
923 1317 1263 1381 ›possum‹
1323 1316 1470 1361 cum
1536 1295 1877 1379 negatione
1891 1342 1909 1373 ,
1969 1294 2078 1360 sed
2123 1294 2320 1360 verbo
2379 1296 2739 1382 composito

461 1423 789 1486 »nequeo«
856 1401 1086 1465 utitur.
1178 1398 1405 1485 Neque
1464 1399 1743 1484 denique
1806 1398 1946 1466 fore
2009 1401 2326 1466 credimus
2383 1404 2460 1465 ut
2503 1401 2740 1467 nimiae

457 1526 828 1571 accusemur
852 1504 1173 1582 licentiae,
1217 1503 1390 1587 quod
1423 1506 1691 1589 propter
1714 1504 1987 1570 cundem
2011 1502 2313 1589 Septimii
2332 1507 2400 1568 et
2422 1504 2739 1571 Prisciani

455 1630 855 1688 consensum,
900 1630 1063 1693 quos
1093 1608 1393 1674 omnibus
1414 1607 1601 1673 libris
1622 1606 2030 1673 Sallustianis
2054 1609 2490 1694 incorruptius
2521 1610 2733 1675 totum

456 1718 671 1782 locum
729 1714 918 1779 nobis
977 1712 1316 1778 tradidisse
1374 1715 1635 1783 constat
1650 1762 1665 1793 ,
1725 1714 1795 1777 in
1852 1712 2075 1778 ordine
2119 1714 2461 1779 verborum
2505 1714 2744 1780 consti-

438 1819 699 1885 tuendo
742 1818 827 1883 ab
872 1839 947 1882 eo
994 1838 1189 1902 quem
1235 1817 1465 1902 optimi
1509 1816 1757 1883 codices
1804 1817 2117 1882 exhibent
2158 1817 2580 1884 recedendum
2612 1819 2740 1883 rati

459 1922 778 1995 Dietschii
844 1922 1232 2008 scripturam
1296 1942 1544 2006 »neque
1612 1921 1828 2006 precio
1891 1942 2100 2005 neque
2156 1922 2410 2008 gratia«
2477 1943 2741 2006 prorsus

460 2029 812 2095 laudamus.

635 2133 867 2198 Altera
931 2131 1224 2216 quaestio
1289 2132 1389 2196 est
1445 2129 1526 2195 de
1583 2130 1803 2196 codice
1854 2129 2146 2195 Parisino
2212 2151 2278 2193 n.
2341 2129 2510 2196 1576
2565 2131 2744 2216 (P.¹).

465 2235 669 2314 Quem
713 2234 989 2299 Wirzius
1006 2284 1022 2315 ‚
1097 2234 1210 2318 qui
1265 2232 1612 2299 novissimo
1669 2236 1963 2318 tempore
2026 2233 2471 2316 quaestionem
2535 2234 2745 2300 denuo

461 2340 825 2427 proposuit,
872 2359 1262 2423 quamquam
1309 2359 1390 2402 ex
1430 2336 1635 2402 eoden
1680 2336 1863 2402 fonte
1907 2338 2101 2421 atque
2123 2335 2489 2403 Parisinum
2525 2360 2591 2404 n.
2616 2340 2749 2404 500

463 2446 598 2534 (P.)
667 2444 925 2509 fluxisse
993 2441 1287 2507 concedit
1310 2491 1325 2522 ,
1407 2440 1661 2526 saepius
1743 2441 1964 2506 tamen
2044 2443 2582 2527 praestantiorem
2648 2443 2745 2510 Po

463 2550 848 2636 scripturam
906 2566 1191 2611 servasse
1235 2545 1415 2610 dicit.
1508 2543 1693 2622 Quod
1737 2549 1911 2610 recte
1956 2567 2102 2612 eum
2148 2547 2450 2613 statuisse
2495 2547 2744 2614 duobus

465 2651 726 2738 quidem
768 2650 930 2717 locis
973 2672 1092 2737 per
1131 2650 1493 2716 imitatores
1537 2649 1974 2716 confirmatur.

1405 2846 1547 2914 Cat.
1593 2849 1698 2929 28,
1747 2852 1807 2912 2.

643 2985 912 3053 »Curius
969 2985 1086 3053 ubi
1127 2984 1480 3071 intellegit,
1545 2987 1862 3070 quantum
1908 2986 2181 3071 periculi
2223 2986 2472 3053 consuli
2518 2989 2750 3072 inpen-

468 3091 646 3172 deat,
712 3111 987 3176 propere
1032 3110 1150 3175 per
1194 3087 1490 3154 Fulviam
1537 3088 1829 3155 Ciceroni
1885 3089 2136 3169 dolum,
2203 3091 2317 3174 qui
2378 3091 2753 3176 parabatur,

470 3194 826 3260 enuntiat«

642 3296 722 3361 Pi
778 3297 1163 3382 scripturam
1211 3295 1648 3382 ›periculum‹
1696 3294 1740 3362 J
1742 3294 2042 3373 ordanuS,
2101 3297 2599 3362 studiosissimus
2642 3297 2755 3360 ille

471 3401 549 3466 Pi
608 3401 890 3465 sectator
904 3448 921 3479 ,
982 3401 1259 3485 recepit;
1319 3404 1390 3465 at
1443 3403 1674 3467 contra
1718 3400 2109 3480 Dietschius,
2166 3401 2279 3485 qui
2323 3399 2580 3484 quidem
2626 3422 2758 3484 qua

471 3504 801 3589 permotus
861 3503 946 3568 sit
1004 3523 1197 3568 causa
1240 3526 1375 3569 non
1418 3505 1654 3590 adJ‘ecit
1668 3553 1686 3588 ,
1746 3506 1810 3570 et
1852 3502 2130 3570 Wirzius
2177 3503 2521 3588 ›periculi‹
2563 3504 2762 3568 scribi

471 3607 841 3672 maluerunt
884 3607 1230 3673 secundum
1277 3607 1442 3674 Pum
1468 3609 1509 3672 ¹.
1599 3598 1802 3692 quue
1841 3608 1989 3693 jure
2033 3631 2142 3675 eos
2185 3608 2409 3673 fecisse
2452 3629 2486 3672 e
2521 3629 2760 3692 magno

472 3711 915 3797 exemplorum
978 3732 1144 3796 quae
1188 3735 1252 3797 p.
1299 3714 1384 3778 44
1445 3713 1838 3779 contulimus
1896 3735 2167 3779 numero
2228 3713 2385 3779 satis
2449 3733 2762 3798 apparere

469 3816 719 3882 videtur
741 3866 756 3897 ,
816 3817 1198 3903 praesertim
1255 3839 1402 3882 cum
1457 3816 1818 3883 imitatores
1879 3817 2002 3881 hac
2068 3839 2327 3903 quoquc
2383 3818 2456 3882 in
2497 3840 2569 3883 re
2614 3837 2762 3882 cum

474 3920 938 3986 consuetudine
979 3919 1372 3987 Sallustiana
1415 3923 1781 3988 consentire
1825 3921 2338 3988 demonstratum
2382 3922 2487 3987 sit.

1374 4087 1529 4173 Jug.
1583 4087 1730 4169 114,
1774 4088 1837 4153 4.

647 4219 804 4286 Jure
850 4220 1214 4286 Dietschius
1269 4223 1338 4287 in
1387 4224 1499 4303 eis,
1567 4243 1733 4306 quac
1775 4225 1845 4288 in
1892 4224 2020 4289 fine
2067 4225 2223 4289 belli
2267 4222 2644 4310 ,Iugurthini
2685 4225 2766 4290 dc

476 4317 688 4386 Mario
732 4323 1071 4390 dicuntur:
