3000 4792
1545 206 1632 271 32

571 371 722 446 SalL
773 371 1073 441 Catilina.
1427 374 1604 443 Dict.
1649 375 1751 443 Cr.
2219 375 2286 444 S.
2332 374 2475 445 Sev-

475 600 534 668 2)
587 535 969 673 divorsi2⁰pars
1026 643 1040 656 .
1086 640 1101 657 .
1157 642 1190 671 .,
1245 603 1322 660 IV
1340 606 1373 661 5
1398 605 1599 663 diversi
1623 621 1718 662 suo
1737 603 1961 675 quisque

441 674 538 729 alii
575 713 590 728 .
632 715 646 730 .
687 715 702 730 .
738 677 1066 730 exercebam,
1212 693 1411 746 genere
1446 679 1837 738 exercebantur

495 745 551 814 3)
607 763 782 815 neque
853 746 1056 802 mutari
1122 763 1186 802 ac
2012 746 2053 802 O
2088 747 2144 802 11
2189 749 2289 815 51,
2340 752 2374 804 9
2423 765 2549 804 eum
2600 788 2615 802 .
2654 786 2669 800 .
2706 786 2723 801 .

437 817 658 873 misceri
691 819 875 876 omnia
934 834 1184 874 cerneres
1312 828 1317 831 ’
1976 821 2159 875 omnia
2185 821 2394 879 turbari
2417 837 2481 876 ac
2501 819 2719 874 misceri

1096 940 1099 942 ,
1488 902 1493 911 ³
1976 899 2331 947 cernerentur

482 962 538 1028 9)
584 960 681 1031 qui
729 961 910 1030 aliquo
965 961 1187 1032 negotio
2011 964 2052 1018 C
2088 965 2113 1017 Ι
2151 968 2206 1032 4,
2241 965 2275 1018 ὅ
2312 963 2396 1018 his
2437 1003 2450 1018 .
2491 1003 2505 1018 .
2541 1002 2556 1017 .
2594 979 2721 1017 con-

443 1032 684 1088 intentus
734 1035 1002 1105 praeclari
1060 1034 1188 1088 faci·
1975 1036 2155 1090 silium
2175 1036 2295 1103 fuit,
2320 1035 2520 1106 insigni
2540 1035 2722 1104 aliquo

443 1107 592 1160 noris
653 1109 748 1160 aut
818 1107 952 1160 artis
1013 1106 1187 1162 bonae
1976 1125 2140 1178 opere
2176 1107 2379 1163 famam
2416 1123 2679 1177 quaerere

361 1195 363 1198 ⁴
444 1176 647 1233 famam
685 1178 894 1245 quaerit

481 1321 536 1386 2)
573 1318 666 1373 ubi
687 1317 754 1373 de
778 1336 979 1390 magna
991 1317 1190 1372 virtute
2012 1320 2060 1372 D
2107 1319 2135 1372 I
2186 1323 2287 1389 26,
2343 1321 2377 1373 6
2428 1337 2567 1388 quae
2618 1318 2726 1390 ipsi

444 1396 607 1460 atque
679 1391 855 1460 gloria
924 1392 1186 1445 bonorum
1976 1391 2153 1446 facere
2173 1409 2282 1446 non
2298 1396 2541 1463 possunt,
2578 1392 2723 1447 facta

444 1479 731 1525 memores,
766 1463 1026 1532 quaesibi
1052 1463 1186 1530 quis·
1976 1465 2044 1517 ab
2082 1464 2177 1517 illo
2227 1465 2591 1530 erubescunt,
2665 1467 2721 1518 et

445 1552 549 1604 que
601 1534 780 1593 facilia
834 1535 980 1589 factu
1037 1539 1187 1603 putat
1978 1536 2187 1589 malunt.
2219 1535 2363 1588 illius
2396 1552 2594 1602 negare
2616 1535 2724 1589 vir-

447 1623 618 1675 aequo
694 1607 885 1662 animo
974 1607 1188 1674 accipit,
1837 1654 1842 1659 ,
1975 1612 2118 1661 tutes
2133 1624 2297 1676 quam
2308 1608 2723 1662 suaminertiam

446 1695 613 1748 supra
648 1694 713 1732 ea
747 1677 916 1732 veluti
936 1676 1066 1733 ficta
1088 1694 1188 1746 pro
1975 1677 2222 1734 confiteri

444 1749 594 1805 falsis
630 1750 830 1874 ducit4

483 1894 541 1963 2)
577 1891 743 1946 statui
780 1909 866 1946 res
898 1892 1078 1960 gestas
1095 1905 1187 1958 po·
2011 1891 2052 1945 C
2087 1891 2115 1945 I
2149 1894 2175 1945 1
2201 1931 2215 1956 ‚
2262 1895 2289 1946 1
2341 1909 2428 1947 res
2468 1910 2501 1947 a
2535 1891 2727 1947 mundi

445 1965 565 2036 puli
587 1964 820 2018 Romani
844 1962 1079 2033 carptim
1106 2001 1119 2014 .
1142 2000 1156 2015 .
1176 1999 1188 2011 .
1983 1963 2206 2017 exordio
2242 2003 2255 2017 .
2286 2001 2300 2015 .
2327 2004 2340 2017 .
2378 1966 2609 2034 carptim
2646 1965 2727 2019 di-

445 2037 755 2091 describere
901 2038 904 2042 ’
1982 2052 2104 2088 cere
2140 2053 2426 2104 aggressus
2462 2054 2584 2090 sum

486 2110 540 2178 3)
572 2109 642 2162 de
667 2106 930 2161 Catilinae
947 2105 1189 2175 conjura·
1247 2112 1274 2165 I
1317 2114 1378 2164 13
1417 2111 1627 2180 reliqua
1664 2151 1677 2164 .
1711 2151 1724 2166 .
1752 2151 1765 2166 .
1799 2128 1955 2180 quam
2017 2107 2057 2160 C
2094 2106 2148 2160 11
2183 2111 2266 2171 14,
2311 2111 2344 2161 8
2399 2126 2499 2178 per
2533 2107 2727 2162 Judith

443 2181 595 2235 tione
665 2197 826 2248 quam
898 2179 1192 2232 verissume
1214 2182 1488 2239 verissime
1544 2187 1737 2254 possero
1797 2199 1961 2254 expo·
1984 2182 2136 2248 gesta
2183 2186 2244 2232 ut
2296 2184 2491 2248 potero
2540 2181 2725 2250 paucis

445 2259 637 2324 potexo
685 2252 872 2321 paucis
915 2251 1191 2305 absolvam
1214 2273 1340 2310 nam
1981 2251 2260 2304 absolvam

502 2327 557 2393 5)
615 2326 927 2393 priusquam
980 2323 1194 2377 initium
2017 2321 2057 2375 C
2094 2322 2122 2375 Ι
2161 2326 2209 2387 1,
2248 2325 2281 2376 6
2331 2338 2475 2375 nunc
2511 2321 2726 2376 initium

445 2395 708 2452 narrandi
740 2395 936 2449 faciam
1981 2393 2236 2449 narrandi
2272 2393 2471 2449 faciam
2485 2417 2519 2428 2

488 2538 541 2608 1)
575 2554 779 2607 magna
824 2537 881 2593 vi
926 2539 984 2590 et
1025 2533 1192 2588 animi
1245 2539 1301 2594 11
1323 2543 1392 2594 48
1428 2538 1575 2609 quod
1607 2556 1733 2592 cum
1761 2537 1958 2594 virtute
2016 2536 2056 2590 C
2095 2536 2150 2590 11
2186 2537 2275 2604 46,
2312 2538 2347 2589 4
2382 2533 2556 2587 multa
2588 2532 2727 2587 ineo

337 2646 341 2650 »
448 2615 506 2666 et
542 2609 785 2680 eorporis
1213 2614 1484 2681 corporis,
1558 2615 1676 2665 tum
1741 2610 1958 2681 ingenio
1981 2608 2147 2661 animi
2198 2614 2255 2662 et.
2296 2607 2538 2676 corporis
2583 2606 2726 2659 bona

1213 2686 1490 2741 univorsos
1527 2683 1761 2739 anteiret
1980 2697 2227 2735 cerneres

480 2749 702 2821 ingenio
736 2749 882 2805 malo
917 2764 1193 2818 pravoque
2017 2752 2057 2806 C
2085 2751 2141 2805 11
2173 2751 2261 2819 45,
2299 2753 2334 2805 6
2369 2748 2635 2819 pessimus
2672 2748 2730 2800 et

485 2894 543 2963 2)
579 2892 704 2947 huic
739 2892 886 2948 bella
923 2931 937 2946 .
978 2929 993 2944 .
1032 2931 1047 2946 .
1083 2890 1192 2944 dis·
1416 2944 1423 2955 ,⁵
1980 2843 2073 2950 mog
2076 2823 2398 2959 ex1n⁰2t3n‚1al20
2446 2834 2730 2947 ἕὶὲἷζᾙιίιίξ

446 2965 633 3021 cordia
666 2965 838 3018 civilis
870 2967 1028 3035 grata
1048 2962 1194 3017 fuere
1980 2967 2229 3024 civilibus
2267 2965 2532 3021 exercitus

448 3038 634 3107 ibique
655 3038 1003 3106 juventutem
1041 3052 1192 3090 suam

447 3110 694 3165 exercuit
1340 3120 1343 3121 ’
1631 3134 1634 3139 ·

485 3184 540 3253 3)
586 3198 784 3252 eorpus
828 3179 1040 3250 patiens
1084 3177 1193 3232 ine·
2034 3181 2075 3236 C
2132 3178 2187 3234 II
2243 3181 2345 3243 46,
2396 3181 2433 3231 4
2502 3177 2730 3247 vigilare

447 3253 589 3318 diae,
627 3252 848 3323 algoris,
884 3251 1103 3323 vigiliae
1982 3253 2231 3318 multum,
2269 3252 2467 3304 samem
2495 3266 2561 3303 ac
2580 3247 2729 3300 sitim

1982 3325 2120 3379 ferre
2157 3327 2373 3392 poterat

483 3411 651 3464 supra
685 3412 848 3463 quam
2018 3397 2058 3450 C
2094 3393 2150 3449 11
2187 3394 2275 3463 46,
2312 3394 2345 3446 8
2382 3391 2530 3444 ultra
2563 3402 2726 3455 quam

482 3469 540 3536 4)
577 3466 743 3520 alieni
775 3466 1066 3533 adpetens,
1115 3462 1195 3515 sui
1250 3462 1327 3517 IV
1364 3466 1435 3516 22
1483 3478 1707 3532 parcum
1752 3460 1811 3513 in
1864 3474 1961 3512 suo

446 3538 697 3610 profusus
1218 3538 1378 3600 atque
1411 3537 1764 3601 appetentem
1801 3530 1963 3584 alieni

484 3611 540 3679 9)
576 3627 662 3665 res
689 3609 808 3678 ipsa
828 3603 1037 3660 hortari
1049 3601 1197 3660 vide·
1253 3605 1306 3657 ΙΙ
1344 3608 1411 3659 35
1448 3622 1536 3658 res
1572 3603 1849 3673 postulare
1886 3600 1964 3656 vi·
2019 3606 2060 3662 C
2093 3605 2150 3659 II
2184 3608 2238 3669 2,
2274 3605 2309 3658 4
2344 3619 2435 3658 res
2469 3601 2734 3672 postulat,

447 3686 539 3740 ιω·
576 3722 591 3737 .
633 3721 647 3735 .
685 3721 699 3737 .
734 3683 985 3750 repetere
1219 3676 1376 3733 detur
1412 3714 1428 3730 .
1469 3716 1483 3731 .
1523 3715 1537 3732 .
1574 3675 1787 3730 edicere
1984 3679 2064 3733 uti
2092 3718 2103 3730 .
2138 3717 2153 3731 .
2190 3717 2204 3732 .
2239 3692 2572 3746 exponamus
2612 3670 2733 3730 c·11

1986 3754 2073 3822 28,
2110 3754 2145 3806 2

487 3896 542 3966 2)
578 3895 899 3953 incredibile
933 3907 1197 3947 memora·
1252 3891 1302 3948 V
1343 3893 1408 3945 1¹7
1457 3887 1718 3957 brevique
1766 3885 1965 3944 coalita
2022 3896 2063 3951 C
2099 3893 2127 3947 I
2168 3895 2233 3948 13
2252 3930 2267 3959 ‚
2326 3894 2353 3946 1
2408 3887 2733 3945 incredibile

447 3973 510 4025 tu
546 3973 629 4025 est
665 3985 828 4037 quam
875 3964 1037 4021 facile
1073 3980 1195 4020 coa·
1218 3964 1407 4034 ingens
1442 3960 1738 4018 multitudo
1985 3969 2289 4022 memoratu
2321 3966 2406 4018 est
2421 3979 2585 4032 quam
2621 3960 2733 4016 cito

445 4041 649 4098 luerint
1985 4055 2213 4094 numero
2249 4035 2396 4091 aucti
2432 4036 2541 4089 sint.
2713 4104 2716 4107 y

488 4116 547 4182 4)
584 4110 822 4167 finitumi
848 4109 996 4166 bello
1021 4112 1196 4176 temp·
2022 4113 2063 4167 C
2101 4111 2128 4165 1
2165 4112 2225 4175 5,
2275 4111 2310 4162 4
2359 4107 2507 4163 bello
2555 4103 2736 4163 vicina

447 4189 567 4240 tare
1985 4182 2334 4255 temptabant

487 4258 541 4328 5)
577 4254 777 4311 intenti
810 4251 1067 4321 {estinare
1267 4247 1350 4303 111
1397 4249 1436 4332 ,1
1511 4245 1710 4331 intenti
1784 4245 1965 4331 animo

1218 4337 1439 4449 ἱιὲιὲἔωε
1496 4320 1691 4375 studns
1749 4317 1967 4375 festma-
