<?xml version="1.0" encoding="UTF-8"?>
<!DOCTYPE html PUBLIC "-//W3C//DTD XHTML 1.0 Transitional//EN"
    "http://www.w3.org/TR/xhtml1/DTD/xhtml1-transitional.dtd">
<html xmlns="http://www.w3.org/1999/xhtml" xml:lang="en" lang="en">
 <head>
  <title>
</title>
<meta http-equiv="Content-Type" content="text/html;charset=utf-8" />
  <meta name='ocr-system' content='tesseract 3.04.00' />
  <meta name='ocr-capabilities' content='ocr_page ocr_carea ocr_par ocr_line ocrx_word'/>
</head>
<body>
  <div class='ocr_page' id='page_1' title='image "./quaestionessall01pratgoog_0068.png"; bbox 0 0 3000 4792; ppageno 0'>
   <div class='ocr_carea' id='block_1_1' title="bbox 959 131 2356 386">
    <p class='ocr_par' dir='ltr' id='par_1_1' title="bbox 959 131 2356 386">
     <span class='ocr_line' id='line_1_1' title="bbox 1551 131 1635 194; baseline 0 0"><span class='ocrx_word' id='word_1_1' title='bbox 1551 131 1635 194; x_wconf 87' lang='grc'><strong>64</strong></span> 
     </span>
     <span class='ocr_line' id='line_1_2' title="bbox 959 298 2356 386; baseline -0.001 -19"><span class='ocrx_word' id='word_1_2' title='bbox 959 303 995 383; x_wconf 61' lang='lat'>5</span> <span class='ocrx_word' id='word_1_3' title='bbox 1041 303 1079 367; x_wconf 82' lang='lat'><strong>2</strong></span> <span class='ocrx_word' id='word_1_4' title='bbox 1964 298 2116 386; x_wconf 84' lang='lat' dir='ltr'><strong>Jug.</strong></span> <span class='ocrx_word' id='word_1_5' title='bbox 2169 302 2270 379; x_wconf 88' lang='lat'><strong>71,</strong></span> <span class='ocrx_word' id='word_1_6' title='bbox 2317 303 2356 365; x_wconf 85' lang='lat'><strong>2</strong></span> 
     </span>
    </p>
   </div>
   <div class='ocr_carea' id='block_1_2' title="bbox 457 442 2737 729">
    <p class='ocr_par' dir='ltr' id='par_1_2' title="bbox 457 442 2737 729">
     <span class='ocr_line' id='line_1_3' title="bbox 457 442 2737 514; baseline -0 -15"><span class='ocrx_word' id='word_1_7' title='bbox 457 462 582 500; x_wconf 89' lang='lat' dir='ltr'><strong>cum</strong></span> <span class='ocrx_word' id='word_1_8' title='bbox 610 443 838 513; x_wconf 78' lang='lat' dir='ltr'><strong>fatigata</strong></span> <span class='ocrx_word' id='word_1_9' title='bbox 855 442 1024 498; x_wconf 87' lang='lat' dir='ltr'><strong>animi</strong></span> <span class='ocrx_word' id='word_1_10' title='bbox 1061 460 1263 514; x_wconf 82' lang='lat' dir='ltr'><strong>angore</strong></span> <span class='ocrx_word' id='word_1_11' title='bbox 1298 443 1352 496; x_wconf 87' lang='lat' dir='ltr'><strong>in</strong></span> <span class='ocrx_word' id='word_1_12' title='bbox 1379 445 1546 498; x_wconf 87' lang='lat' dir='ltr'><strong>lectu·</strong></span> <span class='ocrx_word' id='word_1_13' title='bbox 1637 443 1875 497; x_wconf 87' lang='lat' dir='ltr'><strong>exercito</strong></span> <span class='ocrx_word' id='word_1_14' title='bbox 1895 460 2127 514; x_wconf 87' lang='lat' dir='ltr'><strong>corpore</strong></span> <span class='ocrx_word' id='word_1_15' title='bbox 2151 445 2320 500; x_wconf 85' lang='lat' dir='ltr'><strong>sessus</strong></span> <span class='ocrx_word' id='word_1_16' title='bbox 2339 446 2395 499; x_wconf 91' lang='lat' dir='ltr'><strong>in</strong></span> <span class='ocrx_word' id='word_1_17' title='bbox 2421 445 2564 499; x_wconf 85' lang='lat' dir='ltr'><strong>lecto</strong></span> <span class='ocrx_word' id='word_1_18' title='bbox 2588 444 2737 513; x_wconf 89' lang='lat' dir='ltr'><strong>quie·</strong></span> 
     </span>
     <span class='ocr_line' id='line_1_4' title="bbox 458 515 2736 586; baseline -0.001 -15"><span class='ocrx_word' id='word_1_19' title='bbox 458 518 512 571; x_wconf 90' lang='lat' dir='ltr'><strong>lo</strong></span> <span class='ocrx_word' id='word_1_20' title='bbox 532 516 778 571; x_wconf 88' lang='lat' dir='ltr'><strong>membra</strong></span> <span class='ocrx_word' id='word_1_21' title='bbox 794 517 1138 584; x_wconf 82' lang='lat' dir='ltr'><strong>possuissem,</strong></span> <span class='ocrx_word' id='word_1_22' title='bbox 1158 521 1219 568; x_wconf 86' lang='lat' dir='ltr'><strong>ut</strong></span> <span class='ocrx_word' id='word_1_23' title='bbox 1231 515 1549 584; x_wconf 88' lang='lat' dir='ltr'><strong>plerumque</strong></span> <span class='ocrx_word' id='word_1_24' title='bbox 1638 516 1842 576; x_wconf 86' lang='lat' dir='ltr'><strong>scebat,</strong></span> <span class='ocrx_word' id='word_1_25' title='bbox 1880 517 1974 569; x_wconf 90' lang='lat' dir='ltr'><strong>ubi</strong></span> <span class='ocrx_word' id='word_1_26' title='bbox 2010 519 2246 586; x_wconf 80' lang='lat' dir='ltr'><strong>cognitis</strong></span> <span class='ocrx_word' id='word_1_27' title='bbox 2284 516 2605 572; x_wconf 71' lang='lat' dir='ltr'><strong>Bomilcaris</strong></span> <span class='ocrx_word' id='word_1_28' title='bbox 2654 516 2736 570; x_wconf 91' lang='lat' dir='ltr'><strong>in-</strong></span> 
     </span>
     <span class='ocr_line' id='line_1_5' title="bbox 457 586 2728 658; baseline -0 -16"><span class='ocrx_word' id='word_1_29' title='bbox 457 606 523 642; x_wconf 87' lang='lat' dir='ltr'><strong>ex</strong></span> <span class='ocrx_word' id='word_1_30' title='bbox 572 588 956 642; x_wconf 83' lang='lat' dir='ltr'><strong>maestitudine</strong></span> <span class='ocrx_word' id='word_1_31' title='bbox 990 588 1154 654; x_wconf 88' lang='lat' dir='ltr'><strong>solet,</strong></span> <span class='ocrx_word' id='word_1_32' title='bbox 1191 604 1410 640; x_wconf 88' lang='lat' dir='ltr'><strong>somnus</strong></span> <span class='ocrx_word' id='word_1_33' title='bbox 1445 587 1546 640; x_wconf 89' lang='lat' dir='ltr'><strong>ob·</strong></span> <span class='ocrx_word' id='word_1_34' title='bbox 1639 586 1979 656; x_wconf 86' lang='lat' dir='ltr'><strong>sidiisprimo</strong></span> <span class='ocrx_word' id='word_1_35' title='bbox 1993 604 2139 656; x_wconf 89' lang='lat' dir='ltr'><strong>cura,</strong></span> <span class='ocrx_word' id='word_1_36' title='bbox 2163 589 2382 653; x_wconf 89' lang='lat' dir='ltr'><strong>deinde,</strong></span> <span class='ocrx_word' id='word_1_37' title='bbox 2404 589 2485 642; x_wconf 84' lang='lat' dir='ltr'><strong>uti</strong></span> <span class='ocrx_word' id='word_1_38' title='bbox 2502 605 2728 658; x_wconf 82' lang='lat' dir='ltr'><strong>aegrum</strong></span> 
     </span>
     <span class='ocr_line' id='line_1_6' title="bbox 458 658 2517 729; baseline -0 -16"><span class='ocrx_word' id='word_1_39' title='bbox 458 660 630 728; x_wconf 87' lang='lat' dir='ltr'><strong>repsit</strong></span> <span class='ocrx_word' id='word_1_40' title='bbox 1639 658 1880 711; x_wconf 89' lang='lat' dir='ltr'><strong>animum</strong></span> <span class='ocrx_word' id='word_1_41' title='bbox 1918 659 2060 713; x_wconf 86' lang='lat' dir='ltr'><strong>solet</strong></span> <span class='ocrx_word' id='word_1_42' title='bbox 2094 676 2313 714; x_wconf 88' lang='lat' dir='ltr'><strong>somnus</strong></span> <span class='ocrx_word' id='word_1_43' title='bbox 2348 661 2517 729; x_wconf 88' lang='lat' dir='ltr'><strong>cepit,</strong></span> 
     </span>
    </p>
   </div>
   <div class='ocr_carea' id='block_1_3' title="bbox 458 792 2735 975">
    <p class='ocr_par' dir='ltr' id='par_1_3' title="bbox 458 792 2735 975">
     <span class='ocr_line' id='line_1_7' title="bbox 458 792 2735 879; baseline 0 -21"><span class='ocrx_word' id='word_1_44' title='bbox 458 796 567 860; x_wconf 89' lang='lat' dir='ltr'><strong>sed</strong></span> <span class='ocrx_word' id='word_1_45' title='bbox 611 797 802 859; x_wconf 86' lang='lat' dir='ltr'><strong>etiam</strong></span> <span class='ocrx_word' id='word_1_46' title='bbox 853 816 1016 879; x_wconf 89' lang='lat' dir='ltr'><strong>quae</strong></span> <span class='ocrx_word' id='word_1_47' title='bbox 1059 793 1231 878; x_wconf 87' lang='lat' dir='ltr'><strong>apud</strong></span> <span class='ocrx_word' id='word_1_48' title='bbox 1273 792 1648 858; x_wconf 70' lang='lat' dir='ltr'><strong>Sallustium</strong></span> <span class='ocrx_word' id='word_1_49' title='bbox 1709 797 2095 878; x_wconf 85' lang='lat' dir='ltr'><strong>sequuntur,</strong></span> <span class='ocrx_word' id='word_1_50' title='bbox 2158 797 2284 860; x_wconf 87' lang='lat' dir='ltr'><strong>alio</strong></span> <span class='ocrx_word' id='word_1_51' title='bbox 2330 794 2547 860; x_wconf 84' lang='lat' dir='ltr'><strong>Severi</strong></span> <span class='ocrx_word' id='word_1_52' title='bbox 2590 795 2735 859; x_wconf 88' lang='lat' dir='ltr'><strong>loco</strong></span> 
     </span>
     <span class='ocr_line' id='line_1_8' title="bbox 458 897 1214 975; baseline -0.004 -13"><span class='ocrx_word' id='word_1_53' title='bbox 458 899 660 965; x_wconf 91' lang='lat' dir='ltr'><strong>libere</strong></span> <span class='ocrx_word' id='word_1_54' title='bbox 704 898 1019 962; x_wconf 81' lang='lat' dir='ltr'><strong>translata</strong></span> <span class='ocrx_word' id='word_1_55' title='bbox 1062 897 1214 975; x_wconf 90' lang='lat' dir='ltr'><strong>sint,</strong></span> 
     </span>
    </p>
   </div>
   <div class='ocr_carea' id='block_1_4' title="bbox 758 1082 2392 1170">
    <p class='ocr_par' dir='ltr' id='par_1_4' title="bbox 758 1082 2392 1170">
     <span class='ocr_line' id='line_1_9' title="bbox 758 1082 2392 1170; baseline 0 -19"><span class='ocrx_word' id='word_1_56' title='bbox 758 1085 910 1170; x_wconf 73' lang='lat' dir='ltr'><strong>Jug.</strong></span> <span class='ocrx_word' id='word_1_57' title='bbox 960 1086 1065 1163; x_wconf 86' lang='lat'><strong>71,</strong></span> <span class='ocrx_word' id='word_1_58' title='bbox 1111 1085 1343 1149; x_wconf 56' lang='lat'><strong>3-44.-</strong></span> <span class='ocrx_word' id='word_1_59' title='bbox 1953 1083 2021 1149; x_wconf 78' lang='lat' dir='ltr'><strong>c,</strong></span> <span class='ocrx_word' id='word_1_60' title='bbox 2067 1082 2134 1149; x_wconf 87' lang='lat'><strong>11</strong></span> <span class='ocrx_word' id='word_1_61' title='bbox 2183 1086 2283 1163; x_wconf 80' lang='lat'><strong>13,</strong></span> <span class='ocrx_word' id='word_1_62' title='bbox 2340 1090 2392 1151; x_wconf 89' lang='lat'><strong>1.</strong></span> 
     </span>
    </p>
   </div>
   <div class='ocr_carea' id='block_1_5' title="bbox 460 1225 2741 1585">
    <p class='ocr_par' dir='ltr' id='par_1_5' title="bbox 460 1225 2741 1583">
     <span class='ocr_line' id='line_1_10' title="bbox 575 1225 2741 1297; baseline 0.001 -15"><span class='ocrx_word' id='word_1_63' title='bbox 575 1229 715 1283; x_wconf 87' lang='lat' dir='ltr'><strong>Erat</strong></span> <span class='ocrx_word' id='word_1_64' title='bbox 763 1228 815 1282; x_wconf 91' lang='lat' dir='ltr'><strong>ei</strong></span> <span class='ocrx_word' id='word_1_65' title='bbox 849 1228 1087 1283; x_wconf 83' lang='lat' dir='ltr'><strong>Numida</strong></span> <span class='ocrx_word' id='word_1_66' title='bbox 1130 1228 1348 1296; x_wconf 81' lang='lat' dir='ltr'><strong>quidam</strong></span> <span class='ocrx_word' id='word_1_67' title='bbox 1387 1244 1555 1297; x_wconf 85' lang='lat' dir='ltr'><strong>nego·</strong></span> <span class='ocrx_word' id='word_1_68' title='bbox 1715 1225 1833 1294; x_wconf 83' lang='lat' dir='ltr'><strong>Qua</strong></span> <span class='ocrx_word' id='word_1_69' title='bbox 1843 1229 2171 1295; x_wconf 75' lang='lat' dir='ltr'><strong>tempestate</strong></span> <span class='ocrx_word' id='word_1_70' title='bbox 2189 1228 2580 1283; x_wconf 86' lang='lat' dir='ltr'><strong>Mardochaeus</strong></span> <span class='ocrx_word' id='word_1_71' title='bbox 2597 1230 2741 1285; x_wconf 83' lang='lat' dir='ltr'><strong>inter</strong></span> 
     </span>
     <span class='ocr_line' id='line_1_11' title="bbox 462 1298 2741 1381; baseline -0.001 -25"><span class='ocrx_word' id='word_1_72' title='bbox 462 1303 662 1356; x_wconf 83' lang='lat' dir='ltr'><strong>tiorum</strong></span> <span class='ocrx_word' id='word_1_73' title='bbox 708 1304 974 1368; x_wconf 83' lang='lat' dir='ltr'><strong>currator,</strong></span> <span class='ocrx_word' id='word_1_74' title='bbox 1018 1298 1158 1354; x_wconf 87' lang='lat' dir='ltr'><strong>fidus</strong></span> <span class='ocrx_word' id='word_1_75' title='bbox 1195 1303 1555 1368; x_wconf 84' lang='lat' dir='ltr'><strong>acceptusque</strong></span> <span class='ocrx_word' id='word_1_76' title='bbox 1647 1298 1931 1381; x_wconf 72' lang='lat' dir='ltr'><strong>proximos</strong></span> <span class='ocrx_word' id='word_1_77' title='bbox 1968 1299 2115 1367; x_wconf 85' lang='lat' dir='ltr'><strong>regis</strong></span> <span class='ocrx_word' id='word_1_78' title='bbox 2152 1304 2290 1362; x_wconf 85' lang='lat' dir='ltr'><strong>erat,</strong></span> <span class='ocrx_word' id='word_1_79' title='bbox 2328 1316 2429 1369; x_wconf 90' lang='lat' dir='ltr'><strong>pro</strong></span> <span class='ocrx_word' id='word_1_80' title='bbox 2456 1301 2595 1354; x_wconf 88' lang='lat' dir='ltr'><strong>virili</strong></span> <span class='ocrx_word' id='word_1_81' title='bbox 2615 1319 2741 1370; x_wconf 88' lang='lat' dir='ltr'><strong>por-</strong></span> 
     </span>
     <span class='ocr_line' id='line_1_12' title="bbox 462 1341 2735 1437; baseline 0.001 -12"><span class='ocrx_word' id='word_1_82' title='bbox 462 1378 520 1427; x_wconf 87' lang='lat' dir='ltr'><strong>et</strong></span> <span class='ocrx_word' id='word_1_83' title='bbox 541 1371 782 1426; x_wconf 90' lang='lat' dir='ltr'><strong>omnium</strong></span> <span class='ocrx_word' id='word_1_84' title='bbox 807 1341 1158 1425; x_wconf 78' lang='lat' dir='ltr'><strong>consiliorum</strong></span> <span class='ocrx_word' id='word_1_85' title='bbox 1189 1372 1294 1425; x_wconf 91' lang='lat' dir='ltr'><strong>nisi</strong></span> <span class='ocrx_word' id='word_1_86' title='bbox 1315 1371 1553 1425; x_wconf 87' lang='lat' dir='ltr'><strong>novissu·</strong></span> <span class='ocrx_word' id='word_1_87' title='bbox 1646 1370 1798 1423; x_wconf 88' lang='lat' dir='ltr'><strong>tione</strong></span> <span class='ocrx_word' id='word_1_88' title='bbox 1851 1370 2197 1437; x_wconf 82' lang='lat' dir='ltr'><strong>negotiorum</strong></span> <span class='ocrx_word' id='word_1_89' title='bbox 2245 1371 2587 1426; x_wconf 79' lang='lat' dir='ltr'><strong>familiarium</strong></span> <span class='ocrx_word' id='word_1_90' title='bbox 2643 1389 2735 1427; x_wconf 92' lang='lat' dir='ltr'><strong>cu-</strong></span> 
     </span>
     <span class='ocr_line' id='line_1_13' title="bbox 460 1440 2740 1513; baseline 0 -16"><span class='ocrx_word' id='word_1_91' title='bbox 460 1445 538 1497; x_wconf 90' lang='lat' dir='ltr'><strong>mi</strong></span> <span class='ocrx_word' id='word_1_92' title='bbox 573 1442 866 1512; x_wconf 86' lang='lat' dir='ltr'><strong>particeps.</strong></span> <span class='ocrx_word' id='word_1_93' title='bbox 938 1443 1094 1509; x_wconf 80' lang='lat' dir='ltr'><strong>Qui.</strong></span> <span class='ocrx_word' id='word_1_94' title='bbox 1152 1443 1436 1511; x_wconf 77' lang='lat' dir='ltr'><strong>,cognitis</strong></span> <span class='ocrx_word' id='word_1_95' title='bbox 1469 1442 1553 1495; x_wconf 90' lang='lat' dir='ltr'><strong>in·</strong></span> <span class='ocrx_word' id='word_1_96' title='bbox 1643 1444 1810 1503; x_wconf 82' lang='lat' dir='ltr'><strong>rator,</strong></span> <span class='ocrx_word' id='word_1_97' title='bbox 1858 1440 1905 1493; x_wconf 89' lang='lat' dir='ltr'><strong>is</strong></span> <span class='ocrx_word' id='word_1_98' title='bbox 1938 1442 2266 1510; x_wconf 88' lang='lat' dir='ltr'><strong>compositas</strong></span> <span class='ocrx_word' id='word_1_99' title='bbox 2302 1460 2335 1496; x_wconf 92' lang='lat' dir='ltr'><strong>a</strong></span> <span class='ocrx_word' id='word_1_100' title='bbox 2369 1442 2580 1497; x_wconf 89' lang='lat' dir='ltr'><strong>duobus</strong></span> <span class='ocrx_word' id='word_1_101' title='bbox 2616 1461 2740 1513; x_wconf 89' lang='lat' dir='ltr'><strong>spa-</strong></span> 
     </span>
     <span class='ocr_line' id='line_1_14' title="bbox 461 1512 2669 1585; baseline 0 -17"><span class='ocrx_word' id='word_1_102' title='bbox 461 1514 613 1569; x_wconf 88' lang='lat' dir='ltr'><strong>sidiis</strong></span> <span class='ocrx_word' id='word_1_103' title='bbox 648 1514 718 1569; x_wconf 90' lang='lat' dir='ltr'><strong>ad</strong></span> <span class='ocrx_word' id='word_1_104' title='bbox 755 1530 939 1582; x_wconf 82' lang='lat' dir='ltr'><strong>regem</strong></span> <span class='ocrx_word' id='word_1_105' title='bbox 978 1514 1159 1583; x_wconf 86' lang='lat' dir='ltr'><strong>pergit</strong></span> <span class='ocrx_word' id='word_1_106' title='bbox 1644 1512 1876 1565; x_wconf 88' lang='lat' dir='ltr'><strong>donibus</strong></span> <span class='ocrx_word' id='word_1_107' title='bbox 1912 1512 2031 1582; x_wconf 84' lang='lat' dir='ltr'><strong>regi</strong></span> <span class='ocrx_word' id='word_1_108' title='bbox 2064 1513 2288 1569; x_wconf 86' lang='lat' dir='ltr'><strong>insidias</strong></span> <span class='ocrx_word' id='word_1_109' title='bbox 2333 1514 2669 1585; x_wconf 79' lang='lat' dir='ltr'><strong>prodiderat,</strong></span> 
     </span>
    </p>
   </div>
   <div class='ocr_carea' id='block_1_6' title="bbox 459 1652 2745 2259">
    <p class='ocr_par' dir='ltr' id='par_1_6' title="bbox 459 1652 2745 2259">
     <span class='ocr_line' id='line_1_15' title="bbox 461 1652 2741 1738; baseline 0 -20"><span class='ocrx_word' id='word_1_110' title='bbox 461 1676 593 1719; x_wconf 91' lang='lat' dir='ltr'><strong>non</strong></span> <span class='ocrx_word' id='word_1_111' title='bbox 654 1654 1056 1734; x_wconf 86' lang='lat' dir='ltr'><strong>dubitamus,</strong></span> <span class='ocrx_word' id='word_1_112' title='bbox 1119 1655 1278 1738; x_wconf 89' lang='lat' dir='ltr'><strong>quin</strong></span> <span class='ocrx_word' id='word_1_113' title='bbox 1322 1654 1520 1717; x_wconf 84' lang='lat' dir='ltr'><strong>verba</strong></span> <span class='ocrx_word' id='word_1_114' title='bbox 1583 1673 1975 1735; x_wconf 77' lang='lat' dir='ltr'><strong>»somnoque</strong></span> <span class='ocrx_word' id='word_1_115' title='bbox 2020 1654 2304 1717; x_wconf 81' lang='lat' dir='ltr'><strong>excitus«</strong></span> <span class='ocrx_word' id='word_1_116' title='bbox 2354 1675 2388 1717; x_wconf 92' lang='lat' dir='ltr'><strong>e</strong></span> <span class='ocrx_word' id='word_1_117' title='bbox 2433 1652 2741 1718; x_wconf 76' lang='lat' dir='ltr'><strong>Sallustio</strong></span> 
     </span>
     <span class='ocr_line' id='line_1_16' title="bbox 461 1756 2741 1842; baseline -0.001 -19"><span class='ocrx_word' id='word_1_118' title='bbox 461 1760 796 1842; x_wconf 87' lang='lat' dir='ltr'><strong>desumpta</strong></span> <span class='ocrx_word' id='word_1_119' title='bbox 854 1759 1005 1822; x_wconf 89' lang='lat' dir='ltr'><strong>sint.</strong></span> <span class='ocrx_word' id='word_1_120' title='bbox 1095 1758 1325 1842; x_wconf 87' lang='lat' dir='ltr'><strong>Itaque</strong></span> <span class='ocrx_word' id='word_1_121' title='bbox 1383 1758 1632 1823; x_wconf 88' lang='lat' dir='ltr'><strong>codices</strong></span> <span class='ocrx_word' id='word_1_122' title='bbox 1687 1760 1941 1821; x_wconf 88' lang='lat' dir='ltr'><strong>nostros</strong></span> <span class='ocrx_word' id='word_1_123' title='bbox 1986 1756 2414 1821; x_wconf 73' lang='lat' dir='ltr'><strong>Sallustianos</strong></span> <span class='ocrx_word' id='word_1_124' title='bbox 2475 1779 2741 1840; x_wconf 86' lang='lat' dir='ltr'><strong>prorsus</strong></span> 
     </span>
     <span class='ocr_line' id='line_1_17' title="bbox 460 1860 2737 1944; baseline -0.001 -18"><span class='ocrx_word' id='word_1_125' title='bbox 460 1863 748 1944; x_wconf 87' lang='lat' dir='ltr'><strong>integros</strong></span> <span class='ocrx_word' id='word_1_126' title='bbox 788 1882 926 1925; x_wconf 88' lang='lat' dir='ltr'><strong>esse</strong></span> <span class='ocrx_word' id='word_1_127' title='bbox 971 1863 1342 1936; x_wconf 81' lang='lat' dir='ltr'><strong>statuimus3</strong></span> <span class='ocrx_word' id='word_1_128' title='bbox 1389 1860 1764 1925; x_wconf 89' lang='lat' dir='ltr'><strong>Diomedem</strong></span> <span class='ocrx_word' id='word_1_129' title='bbox 1800 1862 2039 1937; x_wconf 85' lang='lat' dir='ltr'><strong>autem,</strong></span> <span class='ocrx_word' id='word_1_130' title='bbox 2084 1881 2476 1944; x_wconf 89' lang='lat' dir='ltr'><strong>quamquam</strong></span> <span class='ocrx_word' id='word_1_131' title='bbox 2500 1860 2737 1924; x_wconf 85' lang='lat' dir='ltr'><strong>Severo</strong></span> 
     </span>
     <span class='ocr_line' id='line_1_18' title="bbox 459 1964 2742 2049; baseline 0 -19"><span class='ocrx_word' id='word_1_132' title='bbox 459 1966 768 2049; x_wconf 87' lang='lat' dir='ltr'><strong>librisque</strong></span> <span class='ocrx_word' id='word_1_133' title='bbox 836 1964 1100 2029; x_wconf 83' lang='lat' dir='ltr'><strong>Sallusti</strong></span> <span class='ocrx_word' id='word_1_134' title='bbox 1165 1967 1484 2029; x_wconf 88' lang='lat' dir='ltr'><strong>vetustate</strong></span> <span class='ocrx_word' id='word_1_135' title='bbox 1561 1964 1930 2048; x_wconf 86' lang='lat' dir='ltr'><strong>praecellit,</strong></span> <span class='ocrx_word' id='word_1_136' title='bbox 2008 1965 2523 2049; x_wconf 87' lang='lat' dir='ltr'><strong>posthabendum</strong></span> <span class='ocrx_word' id='word_1_137' title='bbox 2589 1986 2742 2044; x_wconf 82' lang='lat' dir='ltr'><strong>esse,</strong></span> 
     </span>
     <span class='ocr_line' id='line_1_19' title="bbox 464 2068 2745 2157; baseline -0.001 -21"><span class='ocrx_word' id='word_1_138' title='bbox 464 2073 702 2157; x_wconf 89' lang='lat' dir='ltr'><strong>quippe</strong></span> <span class='ocrx_word' id='word_1_139' title='bbox 721 2071 833 2153; x_wconf 91' lang='lat' dir='ltr'><strong>qui</strong></span> <span class='ocrx_word' id='word_1_140' title='bbox 853 2092 927 2133; x_wconf 90' lang='lat' dir='ltr'><strong>ea</strong></span> <span class='ocrx_word' id='word_1_141' title='bbox 947 2091 1109 2154; x_wconf 88' lang='lat' dir='ltr'><strong>quae</strong></span> <span class='ocrx_word' id='word_1_142' title='bbox 1133 2071 1703 2153; x_wconf 86' lang='lat' dir='ltr'><strong>grammaticorum</strong></span> <span class='ocrx_word' id='word_1_143' title='bbox 1729 2068 1989 2133; x_wconf 90' lang='lat' dir='ltr'><strong>illorum</strong></span> <span class='ocrx_word' id='word_1_144' title='bbox 2013 2070 2276 2152; x_wconf 81' lang='lat' dir='ltr'><strong>propria</strong></span> <span class='ocrx_word' id='word_1_145' title='bbox 2306 2069 2432 2134; x_wconf 87' lang='lat' dir='ltr'><strong>fuit</strong></span> <span class='ocrx_word' id='word_1_146' title='bbox 2455 2071 2745 2135; x_wconf 86' lang='lat' dir='ltr'><strong>socordia</strong></span> 
     </span>
     <span class='ocr_line' id='line_1_20' title="bbox 462 2171 2738 2259; baseline -0.001 -20"><span class='ocrx_word' id='word_1_147' title='bbox 462 2179 657 2259; x_wconf 90' lang='lat' dir='ltr'><strong>atque</strong></span> <span class='ocrx_word' id='word_1_148' title='bbox 702 2174 1132 2258; x_wconf 75' lang='lat' dir='ltr'><strong>indiligentia,</strong></span> <span class='ocrx_word' id='word_1_149' title='bbox 1178 2174 1248 2238; x_wconf 90' lang='lat' dir='ltr'><strong>in</strong></span> <span class='ocrx_word' id='word_1_150' title='bbox 1272 2171 1579 2238; x_wconf 89' lang='lat' dir='ltr'><strong>Sallustio</strong></span> <span class='ocrx_word' id='word_1_151' title='bbox 1604 2173 1922 2238; x_wconf 87' lang='lat' dir='ltr'><strong>laudando</strong></span> <span class='ocrx_word' id='word_1_152' title='bbox 1947 2177 2235 2237; x_wconf 82' lang='lat' dir='ltr'><strong>versatus</strong></span> <span class='ocrx_word' id='word_1_153' title='bbox 2268 2195 2403 2238; x_wconf 85' lang='lat' dir='ltr'><strong>esse</strong></span> <span class='ocrx_word' id='word_1_154' title='bbox 2426 2175 2738 2239; x_wconf 84' lang='lat' dir='ltr'><strong>videatur.</strong></span> 
     </span>
    </p>
   </div>
   <div class='ocr_carea' id='block_1_7' title="bbox 1377 2404 1823 2489">
    <p class='ocr_par' dir='ltr' id='par_1_7' title="bbox 1377 2404 1823 2489">
     <span class='ocr_line' id='line_1_21' title="bbox 1377 2404 1823 2489; baseline -0.004 -19"><span class='ocrx_word' id='word_1_155' title='bbox 1377 2405 1528 2489; x_wconf 84' lang='lat' dir='ltr'><strong>Jug.</strong></span> <span class='ocrx_word' id='word_1_156' title='bbox 1571 2404 1673 2483; x_wconf 83' lang='lat'><strong>85,</strong></span> <span class='ocrx_word' id='word_1_157' title='bbox 1719 2406 1823 2468; x_wconf 87' lang='lat'><strong>47.</strong></span> 
     </span>
    </p>
   </div>
   <div class='ocr_carea' id='block_1_8' title="bbox 455 2578 2745 4341">
    <p class='ocr_par' dir='ltr' id='par_1_8' title="bbox 460 2578 2744 2884">
     <span class='ocr_line' id='line_1_22' title="bbox 634 2578 2739 2678; baseline -0.001 -22"><span class='ocrx_word' id='word_1_158' title='bbox 634 2590 705 2659; x_wconf 81' lang='lat' dir='ltr'><strong>O.</strong></span> <span class='ocrx_word' id='word_1_159' title='bbox 737 2591 999 2675; x_wconf 75' lang='lat' dir='ltr'><strong>MariuS,</strong></span> <span class='ocrx_word' id='word_1_160' title='bbox 1044 2588 1119 2656; x_wconf 84' lang='lat' dir='ltr'><strong>ut</strong></span> <span class='ocrx_word' id='word_1_161' title='bbox 1157 2578 1565 2678; x_wconf 83' lang='lat' dir='ltr'><strong>juventutem</strong></span> <span class='ocrx_word' id='word_1_162' title='bbox 1604 2591 1904 2656; x_wconf 89' lang='lat' dir='ltr'><strong>militaris</strong></span> <span class='ocrx_word' id='word_1_163' title='bbox 1946 2591 2177 2655; x_wconf 87' lang='lat' dir='ltr'><strong>aetatis</strong></span> <span class='ocrx_word' id='word_1_164' title='bbox 2206 2591 2509 2656; x_wconf 86' lang='lat' dir='ltr'><strong>accendat</strong></span> <span class='ocrx_word' id='word_1_165' title='bbox 2547 2611 2739 2674; x_wconf 83' lang='lat' dir='ltr'><strong>»ego—</strong></span> 
     </span>
     <span class='ocr_line' id='line_1_23' title="bbox 460 2695 2744 2782; baseline -0.001 -23"><span class='ocrx_word' id='word_1_166' title='bbox 460 2698 652 2774; x_wconf 77' lang='lat' dir='ltr'><strong>met«,</strong></span> <span class='ocrx_word' id='word_1_167' title='bbox 700 2698 811 2776; x_wconf 86' lang='lat' dir='ltr'><strong>ait,</strong></span> <span class='ocrx_word' id='word_1_168' title='bbox 861 2698 969 2761; x_wconf 77' lang='lat' dir='ltr'><strong>»in</strong></span> <span class='ocrx_word' id='word_1_169' title='bbox 1009 2699 1266 2782; x_wconf 84' lang='lat' dir='ltr'><strong>agmine</strong></span> <span class='ocrx_word' id='word_1_170' title='bbox 1299 2701 1412 2761; x_wconf 86' lang='lat' dir='ltr'><strong>aut</strong></span> <span class='ocrx_word' id='word_1_171' title='bbox 1457 2699 1526 2760; x_wconf 94' lang='lat' dir='ltr'><strong>in</strong></span> <span class='ocrx_word' id='word_1_172' title='bbox 1558 2696 1803 2781; x_wconf 89' lang='lat' dir='ltr'><strong>proelio</strong></span> <span class='ocrx_word' id='word_1_173' title='bbox 1848 2696 2178 2760; x_wconf 88' lang='lat' dir='ltr'><strong>consultor</strong></span> <span class='ocrx_word' id='word_1_174' title='bbox 2221 2696 2391 2760; x_wconf 91' lang='lat' dir='ltr'><strong>idem</strong></span> <span class='ocrx_word' id='word_1_175' title='bbox 2428 2697 2494 2759; x_wconf 90' lang='lat' dir='ltr'><strong>et</strong></span> <span class='ocrx_word' id='word_1_176' title='bbox 2534 2695 2744 2759; x_wconf 83' lang='lat' dir='ltr'><strong>socius</strong></span> 
     </span>
     <span class='ocr_line' id='line_1_24' title="bbox 461 2801 1436 2884; baseline 0 -20"><span class='ocrx_word' id='word_1_177' title='bbox 461 2801 759 2884; x_wconf 87' lang='lat' dir='ltr'><strong>periculis</strong></span> <span class='ocrx_word' id='word_1_178' title='bbox 804 2802 1133 2867; x_wconf 88' lang='lat' dir='ltr'><strong>vobiscum</strong></span> <span class='ocrx_word' id='word_1_179' title='bbox 1177 2803 1436 2866; x_wconf 77' lang='lat' dir='ltr'><strong>adero«.</strong></span> 
     </span>
    </p>

    <p class='ocr_par' dir='ltr' id='par_1_9' title="bbox 457 2902 2745 3403">
     <span class='ocr_line' id='line_1_25' title="bbox 631 2902 2744 2989; baseline -0.001 -21"><span class='ocrx_word' id='word_1_180' title='bbox 631 2903 869 2969; x_wconf 87' lang='lat' dir='ltr'><strong>Utrum</strong></span> <span class='ocrx_word' id='word_1_181' title='bbox 912 2904 998 2970; x_wconf 91' lang='lat' dir='ltr'><strong>Vi</strong></span> <span class='ocrx_word' id='word_1_182' title='bbox 1064 2906 1454 2989; x_wconf 82' lang='lat' dir='ltr'><strong>scripturam</strong></span> <span class='ocrx_word' id='word_1_183' title='bbox 1527 2903 1911 2988; x_wconf 78' lang='lat' dir='ltr'><strong>»periculis«</strong></span> <span class='ocrx_word' id='word_1_184' title='bbox 1934 2951 1949 2981; x_wconf 81' lang='lat'>‚</span> <span class='ocrx_word' id='word_1_185' title='bbox 2017 2925 2101 2966; x_wconf 89' lang='lat' dir='ltr'><strong>an</strong></span> <span class='ocrx_word' id='word_1_186' title='bbox 2176 2902 2525 2988; x_wconf 78' lang='lat' dir='ltr'><strong>»periculi«</strong></span> <span class='ocrx_word' id='word_1_187' title='bbox 2595 2902 2744 2966; x_wconf 91' lang='lat' dir='ltr'><strong>reli-</strong></span> 
     </span>
     <span class='ocr_line' id='line_1_26' title="bbox 459 3006 2745 3090; baseline 0 -20"><span class='ocrx_word' id='word_1_188' title='bbox 459 3027 733 3089; x_wconf 86' lang='lat' dir='ltr'><strong>quorum</strong></span> <span class='ocrx_word' id='word_1_189' title='bbox 778 3008 1065 3073; x_wconf 89' lang='lat' dir='ltr'><strong>codicum</strong></span> <span class='ocrx_word' id='word_1_190' title='bbox 1111 3029 1322 3073; x_wconf 84' lang='lat' dir='ltr'><strong>veram</strong></span> <span class='ocrx_word' id='word_1_191' title='bbox 1369 3028 1502 3072; x_wconf 85' lang='lat' dir='ltr'><strong>esse</strong></span> <span class='ocrx_word' id='word_1_192' title='bbox 1548 3008 1990 3072; x_wconf 85' lang='lat' dir='ltr'><strong>existimemus</strong></span> <span class='ocrx_word' id='word_1_193' title='bbox 2032 3006 2442 3090; x_wconf 78' lang='lat' dir='ltr'><strong>dijudicaturi</strong></span> <span class='ocrx_word' id='word_1_194' title='bbox 2485 3006 2569 3069; x_wconf 89' lang='lat' dir='ltr'><strong>ab</strong></span> <span class='ocrx_word' id='word_1_195' title='bbox 2597 3006 2745 3070; x_wconf 90' lang='lat' dir='ltr'><strong>imi-</strong></span> 
     </span>
     <span class='ocr_line' id='line_1_27' title="bbox 457 3110 2740 3195; baseline 0.001 -21"><span class='ocrx_word' id='word_1_196' title='bbox 457 3110 781 3175; x_wconf 86' lang='lat' dir='ltr'><strong>tatoribus</strong></span> <span class='ocrx_word' id='word_1_197' title='bbox 825 3111 1253 3176; x_wconf 85' lang='lat' dir='ltr'><strong>destituimur.</strong></span> <span class='ocrx_word' id='word_1_198' title='bbox 1344 3111 1619 3176; x_wconf 88' lang='lat' dir='ltr'><strong>Severus</strong></span> <span class='ocrx_word' id='word_1_199' title='bbox 1664 3110 1857 3195; x_wconf 87' lang='lat' dir='ltr'><strong>enim,</strong></span> <span class='ocrx_word' id='word_1_200' title='bbox 1902 3111 2014 3194; x_wconf 91' lang='lat' dir='ltr'><strong>qui</strong></span> <span class='ocrx_word' id='word_1_201' title='bbox 2059 3110 2136 3174; x_wconf 88' lang='lat' dir='ltr'><strong>de</strong></span> <span class='ocrx_word' id='word_1_202' title='bbox 2179 3110 2371 3188; x_wconf 85' lang='lat' dir='ltr'><strong>libro,</strong></span> <span class='ocrx_word' id='word_1_203' title='bbox 2425 3130 2616 3194; x_wconf 88' lang='lat' dir='ltr'><strong>quem</strong></span> <span class='ocrx_word' id='word_1_204' title='bbox 2660 3110 2740 3177; x_wconf 88' lang='lat' dir='ltr'><strong>de</strong></span> 
     </span>
     <span class='ocr_line' id='line_1_28' title="bbox 458 3213 2741 3300; baseline -0 -22"><span class='ocrx_word' id='word_1_205' title='bbox 458 3215 592 3278; x_wconf 88' lang='lat' dir='ltr'><strong>vita</strong></span> <span class='ocrx_word' id='word_1_206' title='bbox 654 3214 874 3278; x_wconf 82' lang='lat' dir='ltr'><strong>Sancti</strong></span> <span class='ocrx_word' id='word_1_207' title='bbox 938 3213 1208 3279; x_wconf 88' lang='lat' dir='ltr'><strong>Martini</strong></span> <span class='ocrx_word' id='word_1_208' title='bbox 1287 3216 1786 3300; x_wconf 85' lang='lat' dir='ltr'><strong>conscripserat,</strong></span> <span class='ocrx_word' id='word_1_209' title='bbox 1870 3213 2361 3279; x_wconf 81' lang='lat' dir='ltr'><strong>Postumianum</strong></span> <span class='ocrx_word' id='word_1_210' title='bbox 2425 3213 2741 3296; x_wconf 85' lang='lat' dir='ltr'><strong>quendam</strong></span> 
     </span>
     <span class='ocr_line' id='line_1_29' title="bbox 457 3319 1060 3403; baseline 0 -20"><span class='ocrx_word' id='word_1_211' title='bbox 457 3320 829 3403; x_wconf 87' lang='lat' dir='ltr'><strong>loquentem</strong></span> <span class='ocrx_word' id='word_1_212' title='bbox 869 3319 1060 3384; x_wconf 88' lang='lat' dir='ltr'><strong>facit.</strong></span> 
     </span>
    </p>

    <p class='ocr_par' dir='ltr' id='par_1_10' title="bbox 804 3418 2738 3503">
     <span class='ocr_line' id='line_1_30' title="bbox 804 3418 2738 3503; baseline -0.003 -16"><span class='ocrx_word' id='word_1_213' title='bbox 804 3424 885 3488; x_wconf 90' lang='lat' dir='ltr'><strong>D.</strong></span> <span class='ocrx_word' id='word_1_214' title='bbox 931 3424 982 3487; x_wconf 93' lang='grc' dir='ltr'><strong>Ι.</strong></span> <span class='ocrx_word' id='word_1_215' title='bbox 1032 3426 1134 3503; x_wconf 81' lang='lat'><strong>23,</strong></span> <span class='ocrx_word' id='word_1_216' title='bbox 1193 3425 1232 3486; x_wconf 86' lang='lat'>2</span> <span class='ocrx_word' id='word_1_217' title='bbox 1296 3422 1439 3487; x_wconf 79' lang='lat' dir='ltr'><strong>»hic</strong></span> <span class='ocrx_word' id='word_1_218' title='bbox 1483 3422 1643 3486; x_wconf 90' lang='lat' dir='ltr'><strong>mihi</strong></span> <span class='ocrx_word' id='word_1_219' title='bbox 1686 3424 1864 3485; x_wconf 85' lang='lat' dir='ltr'><strong>terra</strong></span> <span class='ocrx_word' id='word_1_220' title='bbox 1906 3441 1980 3485; x_wconf 88' lang='lat' dir='ltr'><strong>ac</strong></span> <span class='ocrx_word' id='word_1_221' title='bbox 2027 3420 2191 3484; x_wconf 88' lang='lat' dir='ltr'><strong>mari</strong></span> <span class='ocrx_word' id='word_1_222' title='bbox 2239 3441 2471 3500; x_wconf 65' lang='lat' dir='ltr'><strong>comesi,</strong></span> <span class='ocrx_word' id='word_1_223' title='bbox 2518 3419 2624 3484; x_wconf 87' lang='lat' dir='ltr'><strong>hic</strong></span> <span class='ocrx_word' id='word_1_224' title='bbox 2667 3418 2738 3482; x_wconf 94' lang='lat' dir='ltr'><strong>in</strong></span> 
     </span>
    </p>

    <p class='ocr_par' dir='ltr' id='par_1_11' title="bbox 455 3523 2742 4341">
     <span class='ocr_line' id='line_1_31' title="bbox 806 3523 2518 3611; baseline -0.005 -20"><span class='ocrx_word' id='word_1_225' title='bbox 806 3528 1328 3611; x_wconf 83' lang='lat' dir='ltr'><strong>peregrinatione</strong></span> <span class='ocrx_word' id='word_1_226' title='bbox 1374 3529 1515 3591; x_wconf 82' lang='lat' dir='ltr'><strong>tota-</strong></span> <span class='ocrx_word' id='word_1_227' title='bbox 1559 3525 1768 3590; x_wconf 86' lang='lat' dir='ltr'><strong>socius</strong></span> <span class='ocrx_word' id='word_1_228' title='bbox 1811 3527 1878 3588; x_wconf 92' lang='lat' dir='ltr'><strong>et</strong></span> <span class='ocrx_word' id='word_1_229' title='bbox 1921 3524 2287 3589; x_wconf 86' lang='lat' dir='ltr'><strong>consolator</strong></span> <span class='ocrx_word' id='word_1_230' title='bbox 2328 3523 2518 3602; x_wconf 76' lang='lat' dir='ltr'><strong>fuit«,</strong></span> 
     </span>
     <span class='ocr_line' id='line_1_32' title="bbox 455 3628 2740 3715; baseline -0.002 -20"><span class='ocrx_word' id='word_1_231' title='bbox 455 3631 725 3715; x_wconf 87' lang='lat' dir='ltr'><strong>nullum,</strong></span> <span class='ocrx_word' id='word_1_232' title='bbox 784 3632 958 3714; x_wconf 90' lang='lat' dir='ltr'><strong>quod</strong></span> <span class='ocrx_word' id='word_1_233' title='bbox 1001 3629 1394 3695; x_wconf 85' lang='lat' dir='ltr'><strong>Sallustiano</strong></span> <span class='ocrx_word' id='word_1_234' title='bbox 1439 3630 1537 3693; x_wconf 89' lang='lat' dir='ltr'><strong>illi</strong></span> <span class='ocrx_word' id='word_1_235' title='bbox 1588 3629 1956 3714; x_wconf 79' lang='lat' dir='ltr'><strong>»periculo«</strong></span> <span class='ocrx_word' id='word_1_236' title='bbox 2005 3629 2405 3712; x_wconf 79' lang='lat' dir='ltr'><strong>respondeat,</strong></span> <span class='ocrx_word' id='word_1_237' title='bbox 2475 3628 2740 3693; x_wconf 88' lang='lat' dir='ltr'><strong>exhibet</strong></span> 
     </span>
     <span class='ocr_line' id='line_1_33' title="bbox 456 3732 2738 3800; baseline -0.001 0"><span class='ocrx_word' id='word_1_238' title='bbox 456 3735 947 3800; x_wconf 84' lang='lat' dir='ltr'><strong>substantivum.</strong></span> <span class='ocrx_word' id='word_1_239' title='bbox 1040 3733 1168 3800; x_wconf 90' lang='lat' dir='ltr'><strong>Sed</strong></span> <span class='ocrx_word' id='word_1_240' title='bbox 1220 3735 1391 3800; x_wconf 90' lang='lat' dir='ltr'><strong>idem</strong></span> <span class='ocrx_word' id='word_1_241' title='bbox 1454 3735 1564 3799; x_wconf 91' lang='lat' dir='ltr'><strong>ille</strong></span> <span class='ocrx_word' id='word_1_242' title='bbox 1608 3755 1829 3800; x_wconf 82' lang='lat' dir='ltr'><strong>vocem</strong></span> <span class='ocrx_word' id='word_1_243' title='bbox 1875 3732 2288 3798; x_wconf 77' lang='lat' dir='ltr'><strong>»consultor«</strong></span> <span class='ocrx_word' id='word_1_244' title='bbox 2334 3732 2559 3797; x_wconf 82' lang='lat' dir='ltr'><strong>falsam</strong></span> <span class='ocrx_word' id='word_1_245' title='bbox 2604 3754 2738 3797; x_wconf 87' lang='lat' dir='ltr'><strong>esse</strong></span> 
     </span>
     <span class='ocr_line' id='line_1_34' title="bbox 455 3837 2738 3915; baseline -0.002 -11"><span class='ocrx_word' id='word_1_246' title='bbox 455 3841 876 3904; x_wconf 87' lang='lat' dir='ltr'><strong>demonstrat.</strong></span> <span class='ocrx_word' id='word_1_247' title='bbox 964 3840 1262 3904; x_wconf 87' lang='lat' dir='ltr'><strong>Absurde</strong></span> <span class='ocrx_word' id='word_1_248' title='bbox 1308 3840 1481 3904; x_wconf 90' lang='lat' dir='ltr'><strong>enim</strong></span> <span class='ocrx_word' id='word_1_249' title='bbox 1527 3838 1768 3903; x_wconf 87' lang='lat' dir='ltr'><strong>Marius</strong></span> <span class='ocrx_word' id='word_1_250' title='bbox 1811 3837 2148 3915; x_wconf 66' lang='lat' dir='ltr'><strong>militibus,</strong></span> <span class='ocrx_word' id='word_1_251' title='bbox 2192 3859 2259 3902; x_wconf 86' lang='lat' dir='ltr'><strong>se</strong></span> <span class='ocrx_word' id='word_1_252' title='bbox 2304 3837 2738 3902; x_wconf 85' lang='lat' dir='ltr'><strong>consultorem</strong></span> 
     </span>
     <span class='ocr_line' id='line_1_35' title="bbox 455 3939 2738 4028; baseline -0.002 -21"><span class='ocrx_word' id='word_1_253' title='bbox 455 3944 535 4007; x_wconf 91' lang='lat' dir='ltr'><strong>iis</strong></span> <span class='ocrx_word' id='word_1_254' title='bbox 579 3941 737 4023; x_wconf 84' lang='lat' dir='ltr'><strong>fore,</strong></span> <span class='ocrx_word' id='word_1_255' title='bbox 786 3945 1129 4028; x_wconf 84' lang='lat' dir='ltr'><strong>promittit,</strong></span> <span class='ocrx_word' id='word_1_256' title='bbox 1173 3943 1240 4015; x_wconf 70' lang='lat' dir='ltr'><strong>‚id</strong></span> <span class='ocrx_word' id='word_1_257' title='bbox 1294 3944 1470 4008; x_wconf 89' lang='lat' dir='ltr'><strong>enim</strong></span> <span class='ocrx_word' id='word_1_258' title='bbox 1518 3943 1675 4007; x_wconf 84' lang='lat' dir='ltr'><strong>adeo</strong></span> <span class='ocrx_word' id='word_1_259' title='bbox 1718 3940 2060 4026; x_wconf 88' lang='lat' dir='ltr'><strong>cujuslibet</strong></span> <span class='ocrx_word' id='word_1_260' title='bbox 2103 3942 2283 4006; x_wconf 87' lang='lat' dir='ltr'><strong>ducis</strong></span> <span class='ocrx_word' id='word_1_261' title='bbox 2337 3944 2464 4019; x_wconf 86' lang='lat' dir='ltr'><strong>est,</strong></span> <span class='ocrx_word' id='word_1_262' title='bbox 2522 3943 2596 4003; x_wconf 90' lang='lat' dir='ltr'><strong>ut</strong></span> <span class='ocrx_word' id='word_1_263' title='bbox 2639 3939 2738 4005; x_wconf 82' lang='lat' dir='ltr'><strong>vel</strong></span> 
     </span>
     <span class='ocr_line' id='line_1_36' title="bbox 456 4044 2738 4130; baseline -0.001 -20"><span class='ocrx_word' id='word_1_264' title='bbox 456 4047 720 4111; x_wconf 86' lang='lat' dir='ltr'><strong>minime</strong></span> <span class='ocrx_word' id='word_1_265' title='bbox 787 4048 1037 4111; x_wconf 89' lang='lat' dir='ltr'><strong>animos</strong></span> <span class='ocrx_word' id='word_1_266' title='bbox 1104 4047 1384 4112; x_wconf 82' lang='lat' dir='ltr'><strong>militum</strong></span> <span class='ocrx_word' id='word_1_267' title='bbox 1420 4046 1880 4130; x_wconf 72' lang='lat' dir='ltr'><strong>promptiores</strong></span> <span class='ocrx_word' id='word_1_268' title='bbox 1939 4045 2020 4111; x_wconf 83' lang='lat' dir='ltr'><strong>ad</strong></span> <span class='ocrx_word' id='word_1_269' title='bbox 2079 4044 2451 4112; x_wconf 86' lang='lat' dir='ltr'><strong>bellandum</strong></span> <span class='ocrx_word' id='word_1_270' title='bbox 2495 4044 2738 4121; x_wconf 85' lang='lat' dir='ltr'><strong>reddat,</strong></span> 
     </span>
     <span class='ocr_line' id='line_1_37' title="bbox 456 4147 2742 4235; baseline 0 -23"><span class='ocrx_word' id='word_1_271' title='bbox 456 4148 710 4212; x_wconf 89' lang='lat' dir='ltr'><strong>etiamsi</strong></span> <span class='ocrx_word' id='word_1_272' title='bbox 753 4150 1006 4226; x_wconf 87' lang='lat' dir='ltr'><strong>diserte,</strong></span> <span class='ocrx_word' id='word_1_273' title='bbox 1071 4171 1137 4213; x_wconf 88' lang='lat' dir='ltr'><strong>se</strong></span> <span class='ocrx_word' id='word_1_274' title='bbox 1181 4150 1306 4215; x_wconf 88' lang='lat' dir='ltr'><strong>hoc</strong></span> <span class='ocrx_word' id='word_1_275' title='bbox 1350 4149 1835 4231; x_wconf 79' lang='lat' dir='ltr'><strong>praestiturum,</strong></span> <span class='ocrx_word' id='word_1_276' title='bbox 1896 4149 2298 4235; x_wconf 83' lang='lat' dir='ltr'><strong>polliceatur.</strong></span> <span class='ocrx_word' id='word_1_277' title='bbox 2393 4147 2575 4229; x_wconf 83' lang='lat' dir='ltr'><strong>Quod</strong></span> <span class='ocrx_word' id='word_1_278' title='bbox 2621 4147 2742 4212; x_wconf 88' lang='lat' dir='ltr'><strong>im-</strong></span> 
     </span>
     <span class='ocr_line' id='line_1_38' title="bbox 458 4251 2741 4341; baseline 0.003 -32"><span class='ocrx_word' id='word_1_279' title='bbox 458 4252 716 4329; x_wconf 83' lang='lat' dir='ltr'><strong>perator</strong></span> <span class='ocrx_word' id='word_1_280' title='bbox 763 4255 834 4314; x_wconf 89' lang='lat' dir='ltr'><strong>ut</strong></span> <span class='ocrx_word' id='word_1_281' title='bbox 877 4251 1153 4330; x_wconf 85' lang='lat' dir='ltr'><strong>efficiat,</strong></span> <span class='ocrx_word' id='word_1_282' title='bbox 1214 4251 1535 4314; x_wconf 84' lang='lat' dir='ltr'><strong>artissima</strong></span> <span class='ocrx_word' id='word_1_283' title='bbox 1582 4253 1873 4316; x_wconf 89' lang='lat' dir='ltr'><strong>omnium</strong></span> <span class='ocrx_word' id='word_1_284' title='bbox 1917 4252 2207 4317; x_wconf 81' lang='lat' dir='ltr'><strong>laborum</strong></span> <span class='ocrx_word' id='word_1_285' title='bbox 2255 4254 2592 4341; x_wconf 79' lang='lat' dir='ltr'><strong>societate,</strong></span> <span class='ocrx_word' id='word_1_286' title='bbox 2649 4253 2741 4316; x_wconf 82' lang='lat' dir='ltr'><strong>ita</strong></span> 
     </span>
    </p>
   </div>
  </div>
 </body>
</html>
