3000 4792
1480 209 1583 277 sss

602 334 756 446 ssu,
805 380 942 447 eat.
1164 406 1169 447 ι
1360 383 1548 449 nm..
1578 381 1698 449 or..
1928 381 1934 451 i
2171 381 2240 450 ss
2282 381 2429 450 sev·

1163 496 1169 535 ι

414 609 490 680 -1)
522 541 843 677 Ιοςαὺουδῖἑὶ
877 606 1140 666 mareium
1168 612 1169 617 ’
1197 612 1275 670 IV
1299 615 1366 668 10
1395 587 1709 670 Jdaeeurn-at
1725 611 1905 669 Achil-

395 683 605 754 Regem
637 683 814 738 mittit
846 699 972 739 cum
995 697 1136 735 man·
1164 682 1272 739 lem
1307 702 1471 755 super
1491 687 1766 756 Polyxena.
1783 703 1907 743 cum

403 756 545 812 datis
581 755 819 883 hnjnsgz
839 753 992 877 modi
1163 756 1432 851 inundatis
1465 760 1639 814 mittit

435 897 492 967 2)
536 915 595 954 se
640 898 792 953 falsis
826 895 1143 954 criminibus
1963 899 2020 954 Μ
2059 902 2111 962 6,
2157 899 2194 952 4
2246 897 2536 967 multisque
2580 895 2678 952 ad·

395 969 824 1026 circumventum
863 1007 877 1021 .
912 1006 926 1022 .
969 1008 983 1022 .
1034 967 1168 1027 for·,
1796 1002 1800 1013 ·
1926 970 2131 1025 fectum
2173 969 2387 1040 'injuriis
2441 968 2511 1025 de
2545 968 2676 1030 eivi-

394 1045 560 1097 tunae
594 1043 804 1106 cedere,
846 1039 1168 1107 Massiliam,
1925 1047 2041 1096 tate
2090 1042 2415 1097 exturbavit.
2479 1041 2675 1096 ceden-

393 1113 452 1168 in
486 1115 707 1170 exilium
741 1110 1013 1183 proficisci
1164 1124 1168 1157 ὲ
1924 1114 2055 1173 dum
2091 1114 2275 1183 itaque
2315 1113 2555 1183 tempori
2588 1129 2675 1167 ar-

718 1185 808 1239 35.
1055 1252 1087 1266 ..
1581 1182 1588 1189 “
1927 1187 2162 1243 biti-atus
2195 1185 2268 1242 ad
2303 1227 2319 1242 .
2345 1225 2361 1241 .
2401 1225 2418 1241 .
2450 1184 2676 1241 secessit

412 1257 486 1326 ·2)
529 1255 739 1341 injuriis
777 1252 1139 1311 contumelns-
1210 1277 1267 1332 11
1325 1280 1392 1334 21
1453 1276 1664 1348 injuriis
1717 1277 1903 1332 contu-

394 1347 502 1401 qne
538 1333 843 1455 0020152213
1158 1349 1438 1421 mellisque
1472 1350 1621 1409 laesa

428 1473 488 1543 4)
524 1487 661 1541 quae
686 1473 866 1541 prima
880 1468 1138 1527 mortales
1957 1470 2007 1526 D
2041 1471 2070 1526 I
2106 1473 2140 1527 5
2158 1507 2173 1536 ‚
2223 1470 2259 1526 5
2309 1486 2446 1540 quae
2490 1470 2670 1540 prima

390 1548 589 1615 putant
725 1613 794 1669 37
1921 1544 2180 1599 mortales
2217 1546 2413 1614 putant
2447 1559 2574 1599 esse·

429 1687 485 1756 3)
520 1700 649 1741 nam
683 1700 900 1755 semper
927 1682 987 1736 in
1012 1680 1137 1736 civi·
1957 1685 1998 1741 G
2032 1684 2061 1740 I
2100 1689 2189 1754 32,
2238 1688 2271 1741 3
2309 1703 2461 1742 more
2498 1684 2668 1756 vulgi,

389 1760 504 1813 tate
550 1758 744 1828 quibus
781 1772 921 1826 opes-
956 1754 1137 1807 nullae
1921 1757 2009 1813 cui
2064 1759 2371 1828 praesentia
2428 1757 2669 1825 fastidio,

390 1833 516 1885 sunt
555 1870 569 1885 .
608 1868 622 1884 .
665 1868 679 1882 .
721 1836 907 1884 vetera
955 1825 1137 1888 odere,
1920 1831 2134 1886 insueta
2167 1831 2438 1887 desiderio
2471 1833 2597 1886 sunt

388 1901 531 1966 nova
565 1904 829 1972 exoptant

431 2041 1134 2114 1)hominesadulescentes,
1711 2066 1718 2073 ·
1967 2042 2008 2098 O
2058 2042 2114 2098 II
2168 2043 2237 2098 41
2257 2083 2272 2112 ‚
2324 2044 2358 2097 7
2420 2040 2670 2097 homines

387 2117 585 2186 quibus
627 2122 776 2172 aetas
823 2115 1136 2181 animusque
1917 2115 2306 2183 adulescentes,
2332 2131 2526 2184 parum
2542 2114 2670 2170 doc·

387 2191 540 2245 ferox
576 2192 721 2243 erat.
1918 2189 1962 2242 ti
1999 2193 2056 2243 et
2090 2204 2284 2258 parum
2320 2186 2469 2242 cauti

418 2261 500 2316 ita
513 2261 620 2331 ipsi
633 2258 767 2315 clari
779 2260 1135 2330 potentesque
1188 2256 1244 2310 Π
1282 2259 1349 2313 19
1402 2255 1572 2327 igitur
1626 2295 1638 2308 .
1680 2297 1694 2311 .
1732 2293 1746 2308 .
1796 2254 1898 2324 ipsi

1155 2329 1291 2386 cleri
1326 2333 1490 2399 atque
1527 2325 1806 2399 magnifici
2621 2336 2628 2337 ’

424 2403 702 2489 exagitare
718 2441 732 2467 2
774 2398 973 2456 deinde
1010 2437 1024 2454 .
1067 2437 1079 2452 .
1120 2438 1133 2453 .
1954 2400 1995 2456 C
2031 2400 2087 2455 H
2130 2402 2202 2456 46
2218 2437 2234 2468 ,
2292 2400 2326 2455 9
2380 2399 2667 2468 lacessens,

387 2477 562 2548 magis
595 2473 887 2532 incendere
1919 2473 2093 2528 facem
2130 2512 2145 2528 .
2170 2512 2185 2529 .
2209 2513 2225 2529 .
2258 2471 2507 2529 incendio
2543 2471 2667 2528 sub-

1920 2544 2061 2600 didit

428 2690 482 2762 1)
517 2689 564 2745 si
595 2618 784 2760 pogiis]
815 2684 1046 2757 inpellat
1065 2683 1133 2740 ad
1175 2662 1218 2740 '1
1255 2687 1322 2742 18
1373 2703 1549 2757 neque
1585 2723 1600 2738 .
1638 2724 1654 2740 .
1693 2724 1707 2739 .
1750 2683 1899 2740 inlici
1956 2687 1997 2741 C
2041 2686 2069 2740 I
2117 2687 2207 2757 44,
2264 2687 2297 2740 3
2352 2683 2572 2755 regibus
2606 2683 2665 2739 in

387 2765 706 2821 societatem
740 2760 876 2817 belli
1154 2759 1353 2829 quivit,
1430 2760 1512 2814 uti
1580 2756 1900 2813 societatem
1920 2759 2236 2815 societatem
2272 2757 2409 2814 belli
2441 2757 2629 2813 ascitis

1155 2831 1382 2887 militiae
1416 2834 1635 2888 nostrae
1657 2846 1895 2898 sequere-

426 2976 485 3048 2)
533 2991 695 3046 quem
730 2972 935 3029 exitum
968 2970 1136 3029 tantis
1155 2906 1244 3033 hg
1280 2979 1307 3030 1
1346 2974 1466 3043 quis
1500 2972 1696 3029 modus
1730 2969 1898 3027 tantis

393 3050 552 3104 malis
587 3050 869 3117 sperarent.
1153 3047 1311 3104 malis
1345 3045 1498 3103 fieret

425 3123 481 3189 3)
528 3120 759 3176 miseriis
807 3117 915 3173 suis
961 3133 1132 3172 reme·
1360 3130 1363 3131 ’
1953 3114 1994 3170 G
2015 3114 2044 3170 Ι
2068 3117 2122 3180 4,
2159 3117 2193 3171 3
2230 3131 2337 3185 quo
2374 3113 2664 3185 absumpto

391 3193 541 3250 dium
578 3197 813 3248 mortem
848 3195 1134 3259 expectare
1919 3228 1933 3243 .
1972 3227 1988 3243 .
2028 3228 2043 3243 .
2075 3190 2307 3244 mortem
2352 3189 2668 3258 expectaret

421 3268 478 3334 6)
515 3264 716 3319 deinde
746 3279 840 3317 eos
862 3261 1133 3331 pollicitos
1188 3262 1242 3317 II
1275 3263 1347 3316 48
1383 3260 1553 3331 igitur
1572 3259 1657 3313 his
1673 3274 1892 3330 operam
2029 3320 2033 3324 ,

384 3353 607 3407 operam
690 3351 844 3390 suam
908 3333 1129 3387 domum
1152 3352 1305 3390 suam
1351 3331 1755 3416 pollicentibus·
1793 3331 1896 3385 itu·

385 3408 619 3465 dimittit
1152 3422 1274 3462 rum
1309 3423 1369 3461 se
1403 3421 1515 3461 nm
1552 3444 1565 3457 .
1602 3444 1616 3459 .
1655 3442 1669 3458 .
1707 3406 1787 3458 tut

450 3551 505 3622 1)
561 3480 822 3618 belliqffi·
870 3544 1130 3603 invidiam
1952 3540 1993 3596 C
2043 3539 2099 3594 Π
2149 3542 2248 3609 29,
2311 3541 2338 3595 1
2392 3537 2663 3596 invidiam

388 3622 599 3680 consuli
631 3624 919 3694 inponeret
1687 3622 1693 3628 ’
1914 3612 2151 3667 incendii
2174 3614 2232 3666 in
2264 3653 2278 3668 .
2298 3648 2313 3664 .
2338 3654 2352 3669 .
2386 3618 2665 3682 retorque-

1004 3693 1015 3703 ·
1914 3685 2029 3739 bat.
2064 3683 2120 3738 11
2157 3687 2258 3753 39,
2312 3687 2344 3739 5
2392 3690 2453 3740 ut
2488 3684 2664 3741 omnis

720 3766 809 3820 44.
1914 3757 2119 3814 invidis.
2152 3757 2212 3811 in
2246 3774 2378 3828 rege
2413 3762 2557 3813 esset

427 3837 481 3908 3)
524 3835 653 3892 data
694 3842 859 3906 atque
904 3831 1131 3900 accepia
1180 3851 1236 3907 11
1277 3853 1344 3907 16
1379 3850 1515 3907 dant
1548 3848 1713 3905 fidem
1743 3849 1894 3920 pacis
2087 3854 2090 3857 ’

380 3907 490 3964 fide
651 3981 661 3992 ,
919 3979 931 3991 ,
1151 3931 1312 3995 atque
1347 3925 1417 3979 ab
1455 3942 1522 3980 eo
1559 3922 1837 3994 accipiunt
2490 3971 2502 3985 ‚
2619 3968 2633 3984 ,

421 3982 478 4051 5)
516 3980 824 4036 consideres
843 3978 973 4049 quid
1004 3981 1131 4032 tuae
1948 3971 1989 4027 G
2025 3971 2053 4026 1
2092 3974 2119 4026 1
2140 4013 2155 4042 ‚
2201 3975 2238 4028 4
2289 3987 2401 4027 non
2446 3969 2660 4043 pigebit

383 4054 621 4109 rationes
649 4053 948 4124 postulent.
985 4049 1130 4104 auxi·
1913 4044 2071 4099 fateri
2087 4085 2101 4112 ,
2148 4060 2238 4099 me
2252 4082 2267 4111 ‚
2313 4044 2487 4098 sicubi
2521 4043 2662 4098 ratio

380 4125 518 4181 lium
564 4132 719 4197 petas
753 4126 823 4179 ab
863 4122 1131 4187 omnibus,
1914 4118 2127 4187 exegit,
2181 4156 2195 4169 .
2236 4157 2250 4170 .
2289 4155 2303 4168 .
2355 4133 2512 4169 usum
2547 4130 2664 4170 esse

386 4198 555 4252 etiam
592 4200 662 4253 ab
699 4195 897 4251 infimis
1913 4187 2189 4243 historicis
2212 4187 2626 4247 munditialibns

423 4339 481 4408 4)
520 4341 695 4396 multa
705 4273 805 4397 ἧδ’.
843 4380 858 4395 .
895 4335 1132 4392 obtesta-
1948 4329 1988 4384 C
2023 4328 2051 4382 I
2100 4331 2153 4397 9,
2199 4331 2235 4384 4
2286 4328 2519 4385 multum
2569 4325 2665 4385 ob·

383 4415 473 4468 tus
1911 4404 2142 4457 testatus
