3000 4792
1403 221 1490 287 43

442 404 769 471 »ceterum
832 405 1009 479 mihi,
1052 406 1124 471 in
1182 406 1316 473 dies
1371 407 1579 492 magis
1626 405 1959 491 magisque
2016 386 2268 467 animus
2311 398 2547 466 adcen-

266 507 475 590 ditur,
541 533 688 578 cum
745 514 1078 580 considero
1094 561 1111 593 ,
1174 534 1338 598 quae
1395 508 1683 578 conditio
1727 510 1898 575 vitae
1956 508 2177 574 futura
2234 508 2353 587 sit,
2417 506 2544 573 nisi

189 691 197 698 ,
269 620 526 682 nosmet
569 618 694 704 ipsi
738 619 1137 685 vindicamus
1182 620 1250 684 in
1295 618 1689 684 libertatem.

456 721 509 788 V
558 727 851 790 »nosmet
890 726 1080 810 ipsi«,
1127 723 1198 797 P.
1248 723 1314 790 O.
1366 726 1660 790 »nosmet
1701 724 1939 809 ipsos«.

448 826 512 894 V
570 830 679 893 »in
741 829 876 895 dies
919 831 1127 916 magis
1185 832 1584 916 magisque«,
1642 828 1715 895 P.
1763 827 1830 895 O.
1861 826 1949 893 ‘in
1992 828 2127 894 dies
2170 823 2416 910 magis«
2464 852 2550 870 -

272 933 412 1000 Hoc
475 936 618 1002 loco
664 935 801 1002 Vus
862 937 962 1001 bis
1021 958 1186 1002 unus
1229 958 1447 1001 veram
1509 936 1895 1021 scripturam
1951 953 2234 998 servasse
2278 929 2550 995 videtur.

272 1038 467 1126 Cujus
507 1042 892 1106 auctoritate
936 1041 1196 1107 subnixi
1237 1062 1380 1106 cum
1422 1062 1665 1121 omneS,
1721 1040 1833 1124 qui
1878 1039 2120 1122 scripta
2163 1032 2429 1100 Sallusti
2471 1031 2542 1094 in

270 1166 456 1209 usum
512 1147 841 1232 publicum
900 1146 1273 1222 ediderunt,
1335 1148 1627 1209 »nosmet
1679 1146 1843 1230 ipsi«
1907 1165 2101 1229 quam
2144 1140 2541 1224 reliquorum

271 1251 565 1316 codicum
628 1251 975 1330 lectiquem
1038 1253 1332 1314 »nosmet
1386 1249 1602 1334 ipsos«
1666 1249 1863 1333 recipi
1924 1246 2302 1322 maluerint,
2374 1237 2547 1326 quod

268 1355 466 1422 iidem
523 1357 648 1421 viri
707 1355 965 1440 praeter
1009 1352 1454 1419 Woelfflinum
1513 1353 1774 1438 (Philol.
1837 1351 2048 1430 XVII,
2114 1349 2269 1434 521)
2327 1364 2550 1414 omnes

269 1462 554 1547 ejusdem
612 1458 697 1525 Vi
772 1460 880 1524 »in
947 1459 1081 1525 dies
1147 1460 1354 1546 magis
1411 1460 1778 1544 magisque«
1844 1455 2206 1523 exhibentis
2265 1449 2550 1535 vestigiis

269 1564 518 1629 relictis
574 1564 653 1630 ad
696 1563 774 1628 Pi
833 1564 1177 1630 lectionem
1242 1565 1351 1629 »in
1389 1564 1546 1630 ‘dies
1603 1564 1848 1649 magis«
1910 1560 2224 1647 singulari
2266 1558 2548 1644 quodam

270 1670 744 1734 inconstantiae
786 1669 1080 1754 exemplo
1125 1669 1622 1755 confugiendum
1667 1691 1803 1735 esse
1849 1667 2145 1734 arbitrati
2189 1668 2363 1744 sunt,
2401 1665 2548 1750 jure

273 1777 494 1840 nostro
538 1776 868 1840 miramur.
955 1774 1128 1840 Vum
1169 1777 1375 1860 enim,
1435 1776 1742 1861 quoniam
1787 1795 1954 1840 unus
1996 1774 2339 1839 lectionem
2384 1790 2549 1854 quae

264 1882 592 1947 'sententia
650 1903 912 1966 prorsus
968 1880 1365 1964 efflagitatur
1428 1882 1595 1946 »nisi
1650 1884 1903 1947 nosmet
1959 1879 2086 1965 ipsi
2152 1878 2551 1944 vindicamus

265 1985 343 2050 in
401 1985 808 2064 libertatem«
870 1988 1142 2072 praebet
1184 1985 1328 2072 (cfr.
1374 1985 1637 2052 Weinh.
1681 2010 1745 2072 p.
1812 1985 1958 2065 197,
2020 1985 2246 2050 Dieck.
2313 2005 2378 2068 p.
2436 1979 2550 2068 28)

270 2096 483 2158 totum
526 2092 741 2158 locum
766 2091 862 2159 Po
908 2093 1144 2158 rectius
1188 2091 1525 2157 tradidisse
1557 2112 1757 2175 eaque
1780 2090 1857 2155 de
1895 2111 2087 2156 causa
2123 2109 2314 2174 quem
2354 2087 2551 2152 etiam

270 2200 344 2265 in
399 2198 615 2263 verbis
676 2199 785 2262 »in
846 2198 982 2264 dies
1039 2198 1240 2282 magis
1296 2198 1671 2282 magisque«
1719 2217 2063 2281 sequamur
2104 2195 2369 2279 dignum
2414 2212 2549 2259 esse

271 2307 562 2393 apparet.
649 2302 869 2389 Atque
914 2304 1163 2369 etiamsi
1206 2303 1585 2369 Sallustium
1627 2304 1855 2368 ceteris
1897 2302 2076 2382 locis,
2121 2301 2356 2386 quibus
2393 2321 2552 2385 quo-

270 2408 590 2474 tidianum
650 2408 745 2474 rei
804 2409 1077 2494 alicujus
1128 2410 1596 2474 incrementum
1643 2409 1709 2472 et
1750 2408 1952 2473 veluti
1996 2428 2400 2493 progressum
2443 2426 2551 2472 ex·-

254 2504 511 2601 primit,
571 2516 688 2579 aut
733 2515 841 2580 »in
886 2514 1021 2581 dies
1068 2516 1312 2600 magis«
1361 2513 1472 2603 (H.
1520 2512 1618 2578 ΙΙΙ
1660 2515 1765 2591 61,
1813 2513 1925 2599 28)
1971 2516 2086 2578 aut
2131 2515 2373 2597 »magis
2414 2533 2553 2579 ma-

272 2620 499 2705 gisque
557 2621 630 2685 in
688 2621 860 2686 dies«
909 2620 1076 2706 (Cat.
1125 2620 1184 2701 5,
1233 2620 1292 2702 7,
1336 2619 1484 2706 Jug.
1536 2619 1595 2697 7,
1640 2617 1709 2704 6)
1753 2620 2084 2705 scripsisse
2128 2621 2355 2705 negari
2412 2641 2547 2686 non

273 2724 511 2808 potest,
555 2726 774 2789 tamen
814 2724 977 2789 illud
1022 2725 1194 2809 quod
1233 2725 1304 2789 in
1326 2724 1430 2791 Vo
1476 2726 1719 2812 legitur
1764 2725 1873 2789 »in
1916 2724 2051 2789 dies
2078 2724 2286 2810 magis
2310 2724 2552 2811 magis·

272 2847 438 2912 que«
484 2829 695 2894 tribus
740 2828 1039 2916 Septimii
1079 2831 1258 2910 locis,
1304 2831 1539 2916 quibus
1567 2831 1738 2897 idem
1758 2831 2101 2896 verborum
2134 2829 2290 2896 ordo
2321 2832 2552 2911 exstat,

270 2934 430 3001 satis
489 2956 808 3021 superque
863 2934 1121 3002 defendi
1167 2936 1423 3002 videtur
1483 2935 1600 3002 cfr.
1648 2937 1681 3003 I
1728 2938 1809 3002 19
1871 2941 2106 3022 »atque
2159 2938 2424 3009 interim
2479 2937 2550 3003 in

270 3039 408 3105 dies
476 3041 697 3125 magis·
748 3042 1082 3125 magisque
1144 3041 1492 3106 saeviens«.
1583 3040 1650 3106 11
1696 3041 1732 3106 7
1793 3064 1971 3108 mare
2030 3043 2099 3108 in
2157 3042 2293 3107 dies
2351 3042 2553 3128 magis

270 3144 600 3228 magisque
645 3146 886 3209 saevire
932 3146 1242 3230 occepit«.
1331 3144 1427 3210 III
1471 3146 1512 3209 3
1549 3146 1783 3232 jactari
1825 3149 2040 3213 animo
2086 3150 2279 3234 atque
2315 3149 2386 3212 in
2414 3147 2550 3213 dies

269 3250 482 3335 magis
546 3251 876 3334 magisque
943 3252 1232 3315 aestuare
1290 3250 1666 3317 desiderio«.
1765 3252 2011 3328 Quibus
2068 3255 2226 3320 locis
2284 3255 2552 3339 quartus

267 3355 529 3440 quidam
578 3354 753 3421 haud
795 3375 1059 3440 prorsus
1100 3355 1427 3421 dissimilis
1469 3357 1715 3422 accedit
1755 3357 1818 3422 Π
1852 3358 1933 3423 19
1982 3360 2192 3425 »malo
2236 3360 2551 3446 paulatim

140 3484 145 3487 ⁴
269 3462 477 3547 magis
520 3462 856 3547 magisque
901 3462 1424 3547 ingravescente«
1469 3498 1560 3510 —
1594 3462 1895 3531 Forsitan
1938 3468 2257 3554 quispiam
2295 3469 2549 3552 dixerit,

271 3589 659 3652 quamquam
704 3566 842 3633 Vus
900 3571 967 3634 et
1012 3567 1360 3655 Septimius
1425 3571 1717 3637 imitator
1772 3572 1939 3638 alter
1996 3575 2271 3641 alterum
2331 3579 2553 3645 defen-

267 3672 445 3750 dant,
489 3673 696 3738 nihilo
739 3674 953 3740 minus
995 3677 1214 3741 tamen
1257 3677 1328 3741 in
1374 3677 1492 3742 tali
1517 3678 1860 3744 verborum
1902 3681 2123 3749 ordine
2156 3682 2553 3751 haerendum

271 3798 426 3844 esse.
516 3778 758 3844 Tribus
823 3781 996 3846 enim
1052 3781 1181 3847 illis
1238 3782 1544 3867 loquendi
1598 3781 1890 3849 formulis
1952 3787 2062 3851 »in
2106 3787 2239 3853 dies
2280 3791 2551 3877 magis«,

275 3884 523 3970 »magis
579 3884 916 3970 magisque
975 3886 1042 3950 in
1096 3886 1270 3952 dies«
1289 3934 1305 3965 ,
1369 3889 1477 3952 »in
1516 3886 1652 3953 dies
1696 3889 1899 3972 magis
1965 3891 2336 3979 magisque«
2407 3896 2553 3963 dili-

271 3990 500 4074 genter
542 3989 715 4054 inter
758 4011 824 4056 se
867 3992 1257 4078 comparatis
1303 3990 1493 4069 effici,
1542 3992 1616 4056 ut
1657 3993 1729 4057 in
1751 3993 1963 4059 verbis
2008 3996 2115 4061 »in
2143 3997 2278 4065 dies
2299 4001 2549 4086 magis«

271 4096 340 4159 et
395 4095 465 4159 in
530 4094 744 4160 verbis
810 4095 1058 4182 »magis
1117 4096 1451 4181 magisque
1508 4097 1578 4160 in
1635 4098 1809 4165 dies«
1872 4104 2228 4191 posteriore
2296 4127 2550 4190 quaque

271 4200 458 4285 parte
518 4201 675 4264 novi
732 4199 975 4284 aliquid
1020 4200 1292 4267 addatur
1311 4251 1326 4282 ,
1346 4201 1442 4303 ‘in
1485 4202 1698 4269 verbis
1740 4206 1958 4270 autem
2019 4208 2128 4272 »in
2171 4206 2308 4274 dies
2351 4211 2552 4296 magis

268 4303 638 4389 magisque«
722 4305 1000 4371 alterum
1074 4306 1357 4391 »magis«
1428 4307 1745 4392 superflue
1818 4309 2152 4376 adiciatur.
2263 4311 2547 4383 Tantum

259 4410 483 4474 tamen
507 4406 710 4488 abest,
736 4411 813 4473 ut
838 4409 1182 4476 lectionem
1201 4409 1289 4477 Vi
1308 4410 1665 4497 scripturae
1685 4410 1785 4493 Pi,
1829 4412 2012 4497 cujus
2038 4434 2243 4482 unum
2269 4419 2540 4486 tantum
