3000 4792
1396 218 1479 281 21

499 391 651 458 Sall.
695 391 847 478 Jug.
1278 389 1449 455 Diet.
1496 387 1597 454 Or.
2067 385 2133 453 S.
2181 384 2321 451 Sev.

335 554 389 623 6)
426 552 755 607 frumentum
769 555 824 606 et
835 552 942 607 alia
965 591 980 606 .
999 592 1012 606 .
1033 591 1045 605 .
1101 553 1155 606 11
1197 554 1261 606 18
1286 567 1475 605 aurum
1494 550 1658 603 etiam
1684 546 1813 602 alia·
2199 518 2208 525 „

298 626 526 681 adfatim
564 625 812 694 praebita
1067 643 1168 693 que
1208 664 1221 677 .
1251 665 1263 677 .
1297 664 1309 676 .
1345 622 1554 713 affatim
1590 621 1813 691 praebe-

349 768 404 834 8)
459 767 657 836 quippe
719 767 870 835 eujus
925 785 1046 836 spes
1067 700 1434 834 bssxntgrneque
1463 732 1586 832 spes
1610 762 1815 830 reliqua

300 840 475 894 omnis
521 840 579 891 in
626 839 758 907 fuga
793 839 897 892 sita
933 848 1045 892 erat
1070 842 1170 893 nisi
1204 841 1260 893 in
1297 838 1425 906 fuga
1461 840 1546 889 est

340 912 430 979 10)
478 928 639 963 nemo
690 911 932 964 omnium
968 912 1046 963 in·
1102 913 1154 965 ΙΙ
1193 912 1261 965 43
1303 925 1522 979 prorsus
1558 906 1706 960 nullo
1738 904 1815 957 in·

299 986 476 1038 tactus
513 981 757 1052 profugit
1068 989 1216 1038 tacto

365 1126 419 1192 2)
457 1176 461 1179 ,
491 1125 560 1178 de
611 1055 835 1179 §giemo
906 1123 1050 1178 sama
1105 1126 1180 1182 VI
1209 1127 1241 1178 6
1281 1125 1348 1177 de
1372 1123 1646 1191 Penelopa
1678 1120 1815 1189 ejus·

300 1198 581 1268 praeclara
618 1213 734 1250 esse
1070 1196 1488 1322 {gigapudicitia
1540 1195 1817 1263 praeclara

345 1410 394 1478 1)
431 1410 503 1464 ad
540 1339 769 1462 Lassin
806 1407 1052 1475 pervenit
1104 1410 1131 1464 I
1169 1412 1201 1464 5
1239 1409 1466 1464 veniunt
1500 1406 1813 1475 adTrojam

341 1482 394 1552 3)
433 1484 641 1536 elamor
663 1480 854 1549 ingens
880 1480 1052 1532 oritur
1071 1482 1304 1608 orlssurffl
1359 1480 1567 1537 elamor
1624 1479 1814 1549 ingens

342 1622 397 1689 6)
433 1627 517 1676 set
551 1639 620 1675 ne
655 1622 779 1675 illos
811 1621 1048 1690 quidem,
1553 1612 1566 1622 ³
1869 1628 1918 1681 D
1963 1626 1990 1680 I
2038 1628 2125 1681 24.
2171 1627 2206 1679 4
2254 1628 2388 1695 puta
2433 1625 2579 1679 enim

301 1695 394 1762 qui
466 1693 656 1762 procul
720 1699 1048 1763 manserant,
1835 1701 1997 1752 istum
2018 1698 2178 1751 fuisse
2202 1698 2451 1763 militem,
2488 1697 2581 1765 qui

300 1769 466 1819 timor
501 1765 669 1820 animi
713 1766 841 1819 satis
878 1766 1049 1818 muni·
1834 1771 2157 1840 pugnaverit
2172 1771 2229 1823 in
2255 1770 2439 1838 iniquo
2457 1769 2579 1823 loco

299 1841 452 1893 verat
481 1856 492 1889 :
566 1854 693 1891 nam
766 1837 1049 1905 plerosque
1834 1849 1890 1896 et
1926 1848 2110 1896 tamen
2135 1843 2311 1895 victor
2329 1841 2577 1907 evaserit,

292 1909 478 1978 jacula
519 1950 532 1964 .
575 1950 587 1962 .
629 1949 657 1991 ·.
681 1910 1048 1978 volnerabant,
1834 1916 1957 1970 illos
2003 1918 2184 1967 autem
2236 1931 2403 1982 aeque
2454 1930 2580 1966 con·

297 1982 525 2049 parique
542 1981 786 2063 periculo
800 1986 885 2033 set
901 1981 1048 2033 fama
1834 2004 1975 2055 pone
2012 1986 2305 2053 militibus,
2359 1990 2443 2039 set
2487 1985 2581 2052 qui

298 2053 492 2119 inpari*
515 2052 644 2105 bom
681 2058 841 2120 atque
864 2052 1047 2121 ignavi
1834 2076 1899 2111 ex
1924 2076 2093 2126 aequo
2128 2059 2252 2112 loco
2289 2062 2382 2110 aut
2412 2058 2579 2110 etiam

303 2127 458 2176 erant
1835 2131 1904 2183 de
1939 2130 2215 2199 superiore
2238 2128 2582 2183 certaverint.

1834 2202 1963 2270 quid
2002 2202 2171 2270 ergo?
2208 2200 2313 2254 etsi
2335 2201 2578 2255 omnium

1837 2290 1942 2326 una
1997 2273 2226 2326 victoria
2288 2276 2399 2338 est,
2467 2289 2579 2325 non

1831 2348 2014 2412 potest
2048 2344 2290 2399 omnium
2330 2360 2446 2397 esse
2479 2359 2580 2412 par

636 2483 705 2534 58
1832 2416 2007 2486 gloria

335 2553 388 2619 2)
427 2552 531 2606 sibi
550 2520 772 2621 quisque
808 2570 908 2622 pro
931 2570 1045 2607 mo·
1097 2545 1152 2599 Π
1191 2549 1259 2600 37
1297 2563 1538 2601 seorsum
1576 2546 1681 2602 sibi
1705 2548 1810 2602 sin·

296 2623 447 2676 ribus
481 2627 773 2678 consulunt
1066 2619 1206 2687 gulis
1243 2620 1648 2673 consulentibus

334 2694 389 2763 3)
426 2713 628 2766 magna
639 2714 765 2766 pars
778 2697 1044 2751 volnerati
1098 2690 1150 2742 II
1201 2692 1237 2744 4
1299 2697 1382 2774 set
1439 2694 1496 2746 et
1543 2692 1811 2747 vulnerati

1064 2780 1190 2831 pars
1226 2780 1461 2817 maxima

335 2853 504 2908 grege
550 2838 695 2894 facto
741 2840 924 2893 locum
960 2855 1045 2892 οε·
1865 2850 1913 2904 Ε
1938 2853 1990 2918 3,
2028 2853 2062 2905 s
2103 2864 2267 2919 grege
2291 2846 2437 2903 facto
2477 2883 2533 2902 ..
2565 2885 2578 2899 .

296 2923 429 2976 Pere
1005 2981 1016 2991 ,
1221 2938 1227 2944 ·
1831 2929 2042 2978 montes
2078 2921 2346 2989 silvasque
2371 2919 2580 2989 petiere
2613 2944 2620 2949 ·

332 2978 390 3045 6)
441 2983 498 3032 at
547 2980 818 3049 ‚Iugurtha
867 2998 1038 3034 mum·
1098 2976 1153 3028 ῙῙ
1188 2980 1257 3031 43
1307 2995 1465 3033 ruere
1514 2977 1584 3033 ad
1623 2981 1810 3046 portas

295 3055 480 3104 mento
505 3057 806 3105 castrorum
836 3051 1043 3121 inpedi-
1065 3066 1232 3116 eoque
1266 3054 1387 3103 arto
1426 3055 1483 3103 et
1519 3066 1811 3118 properan—

294 3124 401 3190 ωε,
455 3139 578 3175 cum
615 3123 706 3175 alii
738 3140 899 3190 super
934 3124 1042 3176 val·
1065 3120 1199 3171 tium
1243 3121 1592 3174 multitudine
1638 3122 1810 3187 impe·

292 3195 408 3247 lum
422 3195 930 3262 praecipitarentur,
952 3195 1044 3247 alii
1065 3191 1179 3243 dito
1203 3190 1464 3259 ingressu,
1500 3209 1626 3246 eum
1651 3209 1813 3258 super

294 3264 352 3318 in
424 3266 690 3332 angustiis
762 3265 869 3333 ipsi
940 3265 1042 3318 sibi
1066 3262 1231 3314 alium
1264 3264 1399 3315 alius
1431 3265 1621 3317 ruinae
1646 3263 1811 3317 modo

250 3352 255 3357 ‘
291 3341 650 3406 properantes
663 3335 1014 3390 obficerent..
1032 3376 1044 3389 .
1066 3334 1543 3402 praecipitaretur,
1626 3351 1811 3404 super·

290 3425 410 3463 sese
445 3409 657 3476 recepit
1067 3406 1214 3459 venit
1253 3445 1266 3459 .
1308 3443 1321 3458 .
1361 3445 1374 3460 .
1407 3406 1545 3477 Ajax

325 3548 381 3618 2)
426 3549 519 3619 qui
564 3481 925 3621 in53}oxum0
962 3550 1043 3603 lo·
1371 3569 1376 3577 ·
1867 3549 1926 3603 M
1972 3549 2070 3615 22,
2126 3546 2159 3599 5
2220 3542 2278 3597 in
2325 3538 2577 3611 proximo

292 3622 402 3675 eati
437 3622 652 3676 fuerant
1830 3625 1914 3676 est

327 3694 386 3761 3)
422 3710 597 3760 neque
629 3692 830 3747 diutius
853 3692 1040 3748 Numi·
1096 3692 1150 3745 ΙΙ
1212 3696 1279 3749 12
1342 3709 1516 3763 neque
1575 3696 1810 3766 amplius

290 3761 395 3847 dae
428 3764 680 3820 resistere
724 3765 1038 3836 quivissent,
1061 3764 1240 3818 resisti
1309 3767 1424 3836 jam
1498 3768 1646 3837 apud
1718 3785 1810 3823 eos

292 3852 352 3888 m
627 3906 698 3958 60
990 3870 991 3873 =
1061 3840 1297 3904 poterat,
1332 3838 1463 3907 quin

341 3974 395 4043 7)
467 3944 715 4045 denique·
771 3976 1039 4046 utrimque
1093 3979 1146 4032 11
1202 3981 1271 4033 23
1326 3978 1454 4033 dein
1502 3996 1610 4032 nox
1662 4020 1676 4034 .
1727 4018 1738 4032 .
1794 4020 1807 4035 .

291 4046 560 4115 proelium
595 4065 705 4102 nox
743 4049 968 4104 diremit
1059 4050 1328 4119 proelium
1367 4051 1590 4104 diremit

341 4187 389 4255 1)
423 4189 517 4242 ubi
552 4121 793 4258 priffium
821 4194 1038 4260 oportu·
1090 4190 1118 4243 I
1157 4195 1220 4246 11
1261 4207 1384 4246 cum
1436 4189 1676 4259 primum
1714 4211 1807 4265 op-

292 4275 429 4314 num
464 4259 567 4313 fuit
1058 4266 1353 4332 portunum
1388 4261 1565 4316 visum
1600 4268 1683 4318 est

324 4330 656 4399 ,Iugurtham
687 4372 729 4387 ..
752 4372 767 4387 .
793 4333 1034 4402 adoedit,
1860 4326 1902 4380 G
1924 4324 1978 4377 11
2013 4327 2101 4392 44,
2132 4326 2160 4377 1
2188 4322 2287 4377 hos
2312 4322 2569 4394 precibus

282 4406 472 4458 monet
513 4408 676 4477 atque
720 4406 1033 4461 lacrumans
1823 4397 2141 4468 aggreditur
2176 4412 2242 4451 ao
2276 4395 2567 4452 lacrimans
