3000 4792
459 367 744 433 societat.
795 365 1020 452 philol.
1066 364 1240 453 Lips.
1292 368 1450 433 tom.
1495 366 1530 432 Ι
1586 363 1734 432 fasc.
1782 366 1850 433 ΙΙ
1906 390 1969 454 p.
2023 366 2142 433 185
2162 368 2403 449 -241‚
2470 368 2574 437 hic
2641 370 2713 436 in

453 471 903 539 dissertatione
944 473 1315 558 inaugurali
1353 472 1625 539 Halensi
1674 473 1868 562 1872)
1912 497 1992 541 ex
2035 474 2472 599 imitatoribus
2518 474 2743 543 Sallu-

461 579 690 644 stianis
730 580 1092 646 discernere
1136 579 1534 646 conabimur.
2801 668 2806 671 v

635 684 856 752 Primo
901 686 1160 770 quidem
1183 707 1373 771 quem
1397 687 1737 752 tractaturi
1762 688 2165 768 samuelem,
2213 709 2292 752 ex
2320 686 2740 753 historiarum

464 791 648 858 libris
689 791 1051 877 desumpto,
1093 793 1205 876 qui
1264 793 1436 876 quod
1478 793 1549 858 in
1593 791 1688 857 Po
1734 793 1968 858 desunt
2010 793 2194 859 valde
2239 792 2586 860 dolendum
2630 797 2750 876 est,

461 919 596 967 non
637 898 704 964 id
749 898 968 984 agitur
1008 898 1086 962 ut
1127 898 1285 963 vitia
1320 899 1723 984 virtutesque
1751 897 1840 964 Vi
1882 901 1947 963 et
1977 898 2052 964 Pi
2101 900 2589 984 perpendamus,
2637 901 2750 966 sed

460 1005 538 1069 ut
594 1003 951 1068 imitatores
1009 1001 1433 1068 Sallustianos
1475 1002 1563 1069 Vi
1621 1003 2049 1088 patrocinium
2106 1004 2427 1090 suscipere
2487 1005 2560 1069 in
2619 1004 2745 1072 hac

453 1109 591 1194 jam
635 1106 1091 1193 disputationis
1135 1109 1393 1174 nostrae
1443 1110 1628 1194 parte
1672 1109 2202 1174 demonstremus.

1323 1331 1494 1398 Hist.
1544 1325 1577 1398 Ι
1620 1333 1725 1415 48,
1778 1334 1874 1399 11.

634 1498 981 1585 Philippus
1041 1501 1243 1566 animi
1300 1500 1708 1567 affectionem
1765 1499 1996 1586 Lepidi
2062 1500 2408 1573 describit:
2487 1504 2746 1588 »agitur

461 1603 631 1669 enim
678 1626 752 1669 ac
795 1604 1114 1670 laceratur
1157 1606 1356 1670 animi
1403 1607 1703 1692 cupidine
1749 1609 1814 1671 et
1871 1627 2187 1672 noxarum
2246 1609 2458 1690 mem,
2519 1630 2745 1693 expers

458 1710 709 1793 consili,
753 1711 1022 1794 inquies,
1068 1710 1228 1776 haec
1274 1713 1468 1796 atque
1513 1712 1628 1777 illa
1669 1714 2014 1797 temptans,
2059 1712 2293 1778 metuit
2336 1708 2572 1792 otium.
2606 1713 2745 1780 odit

458 1815 721 1894 bellum,
765 1816 922 1880 luxu
966 1819 1163 1900 atque
1206 1817 1473 1883 licentia
1517 1819 1862 1885 carendum
1907 1819 2083 1885 videt
2125 1854 2207 1868 —-
2238 1821 2434 1905 atque
2476 1821 2741 1886 interim

458 1920 752 1985 abutitur
794 1923 1012 1986 vostra
1055 1923 1408 1988 socordia«

630 2023 1026 2092 Weinholdo
1086 2025 1229 2114 (cfr.
1275 2050 1338 2113 p.
1384 2029 1539 2109 220)
1598 2028 1946 2094 lectionem
1987 2027 2076 2094 Vi
2144 2029 2442 2114 »agitur«
2508 2028 2738 2093 contra

455 2131 837 2216 scripturam
886 2131 1226 2216 ›angitur‹
1273 2153 1522 2198 summo
1567 2133 1780 2199 studio
1824 2132 2196 2199 defendenti
2240 2154 2387 2198 cum
2416 2155 2491 2199 eo
2523 2155 2741 2199 assen-

456 2235 656 2300 timur
674 2282 690 2313 ‚
753 2235 925 2319 quod
987 2235 1176 2301 nobis
1237 2258 1493 2326 quoque
1544 2237 1838 2322 »agitur«
1887 2239 2150 2323 gravius
2196 2238 2443 2304 dictum
2483 2234 2738 2305 videtur

458 2361 650 2423 quam
722 2341 1067 2426 ›angitur‹
1089 2390 1105 2422 ‚
1186 2342 1330 2405 tum
1394 2342 1737 2427 praecique
1759 2389 1775 2422 ‚
1861 2343 2034 2428 quod
2102 2341 2454 2429 Septimius
2524 2343 2738 2410 locum

455 2441 745 2512 imitatus

755 2547 856 2616 III
900 2550 940 2615 3
990 2550 1124 2615 »ira
1166 2551 1457 2617 concitus
1501 2552 1819 2617 exclamat
1850 2589 1931 2599 —
1963 2551 2112 2616 dein
2144 2552 2344 2618 animi
2380 2550 2737 2638 jactatione

799 2656 1050 2721 saucius
1109 2655 1235 2722 huc
1299 2659 1494 2740 atque
1553 2656 1711 2720 illuc
1769 2656 2079 2721 oberrans
2121 2656 2449 2723 interdum
2491 2657 2734 2738 tamen,

800 2764 1118 2845 quatenus
1205 2761 1526 2848 praesenti
1606 2761 1868 2847 negotio
1950 2760 2260 2827 utendum
2335 2763 2502 2828 esset
2584 2782 2738 2829 con-

717 2910 721 2914 ,
798 2868 1075 2932 sultare«

452 2968 612 3034 illud
670 2972 967 3056 »agitur«
1030 2991 1147 3055 per
1197 2970 1592 3054 jactatione«
1657 2970 1724 3035 et
1764 2970 2033 3035 verbum
2097 2972 2416 3036 laceratur
2461 2996 2577 3059 per
2625 2974 2738 3040 ad-

447 3074 756 3161 jectivum
804 3076 1133 3142 »saucius«
1165 3075 1488 3160 exprimit.
1581 3074 1877 3141 Ceterum
1899 3076 2068 3141 idem
2092 3077 2202 3141 ille
2224 3078 2422 3144 verbo
2458 3101 2734 3164 »agere«

451 3182 648 3247 simili
706 3203 898 3247 sensu
959 3183 1052 3247 ita
1091 3183 1166 3245 ut
1223 3181 1393 3247 idem
1438 3181 1576 3246 fere
1620 3182 1944 3266 significet
1986 3183 2179 3266 atque
2227 3184 2584 3250 »excitare«
2632 3185 2736 3251 vel

456 3287 919 3372 »proturbare«
990 3287 1197 3350 utitur
1256 3285 1291 3350 I
1352 3285 1389 3350 7
1455 3286 1733 3371 »praeda
1800 3289 1994 3370 atque
2053 3286 2324 3352 libidine
2382 3290 2735 3354 transversi

451 3392 852 3475 agebantur«
897 3390 932 3455 Ι
954 3391 1034 3454 21
1089 3392 1304 3455 »metu
1351 3392 1546 3477 atque
1584 3392 2012 3456 haesitatione
2044 3391 2329 3457 diversus
2351 3391 2730 3474 agebatur«.

449 3494 680 3580 Neque
724 3495 937 3560 minus
981 3496 1206 3580 aptum
1252 3496 1423 3579 quod
1468 3497 1783 3562 adiciatur
1808 3495 2028 3560 Severi
2074 3493 2434 3578 exemplum
2471 3494 2733 3563 videtur

452 3602 502 3668 O
544 3601 576 3667 1
623 3603 682 3681 8,
730 3603 810 3666 2«
862 3605 1098 3688 agente
1142 3601 1384 3667 invidia
1430 3603 1512 3667 ab
1556 3602 1787 3668 incolis
1832 3600 2158 3685 pellitur«.

622 3707 771 3775 Jam
840 3707 918 3774 de
982 3707 1142 3773 locis
1203 3708 1454 3793 aliquot
1472 3755 1487 3785 ‚
1558 3707 1665 3793 qui
1722 3707 1794 3770 in
1840 3704 1943 3771 Vo
2003 3708 2071 3771 et
2113 3703 2209 3770 Po
2267 3707 2442 3773 varie
2506 3706 2735 3773 traditi

450 3818 621 3897 sunt,
659 3813 970 3900 judicium
1012 3810 1375 3880 faciendum
1420 3812 1563 3878 erit.
1651 3809 1938 3888 Quorum
1983 3810 2226 3896 primus
2267 3813 2400 3877 est:

1397 4016 1535 4084 Cat.
1583 4017 1688 4100 20,
1735 4018 1796 4085 6.

624 4183 906 4251 Catilina
948 4186 1064 4252 ubi
1110 4186 1472 4273 conjuratis
1518 4187 1788 4273 aperuit,
1833 4207 1900 4252 se
1942 4187 2184 4252 virtute
2227 4187 2295 4251 et
2336 4185 2463 4252 fide
2509 4206 2734 4252 eorum

448 4288 691 4355 fretum
757 4291 984 4356 contra
1048 4290 1557 4357 dominationem
1620 4293 1947 4358 certamen
2002 4291 2167 4356 inire
2222 4293 2528 4357 conatum
2572 4311 2731 4377 esse,

444 4394 804 4460 orationem
843 4394 1221 4463 continuat:
