3000 4792
40 4760 77 4763 -2-
96 4736 201 4763 “-...-ι-

1423 214 1504 278 57

333 390 566 474 opibus
631 390 699 454 in
767 404 1031 471 regnum
1089 384 1343 468 accepi,
1410 385 1809 448 existumans
1869 408 2000 450 non
2060 388 2273 452 minus
2341 411 2441 454 me
2485 391 2607 453 tibi

333 513 529 576 quam
578 493 839 569 liberoS‚
900 489 960 555 si
1003 487 1382 571 genuissem,
1445 488 1531 552 ob
1575 488 1873 553 benificia
1916 510 2135 554 carum
2179 490 2332 571 fore,
2399 515 2606 578 neque

339 616 415 662 ea
457 617 558 660 res
604 595 838 659 falsum
882 613 984 657 me
1023 590 1315 654 habuit.«

506 701 687 778 Quod
734 699 1101 766 Dietschius
1156 720 1218 781 p.
1269 698 1350 762 74
1412 718 1534 760 »ea
1590 719 1730 761 res«
1794 692 1911 783 pro
1976 701 2118 764 »id«
2184 703 2379 767 scribi
2424 724 2608 788 posse

331 808 625 890 negavit,
691 807 756 871 id
817 805 982 869 falso
1044 823 1190 867 eum
1249 792 1546 865 statuisse
1591 801 1956 887 colligimus
2000 826 2033 868 e
2080 804 2396 889 Septimio
2414 855 2430 884 ,
2498 809 2609 892 qui

330 911 558 976 iisdem
601 911 736 977 fere
782 910 995 975 verbis
1037 907 1195 972 dicit
1239 909 1305 969 et
1353 926 1558 988 »quae
1603 927 1706 970 res
1750 929 1880 971 non
1926 907 2167 973 frustra
2194 931 2302 975 eos
2336 911 2607 974 habuit«

332 1014 427 1107 (Π
471 1015 583 1103 37)
643 1019 710 1080 et
775 1013 987 1098 »quod
1045 1024 1178 1075 non
1237 1009 1477 1073 frustra
1524 1031 1634 1074 eos
1679 1010 1948 1075 habuit«
1998 1012 2058 1094 (Ι
2102 1014 2229 1097 11).
2320 1014 2462 1079 Ηι16
2505 1036 2609 1079 ac-

332 1120 500 1184 cedit
564 1120 736 1203 quod
802 1137 1025 1184 omnes
1088 1115 1238 1182 libri
1296 1114 1674 1178 Sallustiani
1737 1137 1884 1181 raro
1949 1119 2228 1201 quodam
2295 1140 2611 1184 consensu

331 1226 714 1309 scripturam
765 1243 882 1287 »ea
927 1240 1071 1285 res«
1117 1216 1446 1294 exhibent,
1492 1239 1660 1301 quae
1689 1219 1880 1283 lectio
1908 1224 2166 1303 praeter
2181 1223 2608 1288 imitationem

334 1326 631 1413 Septimii
673 1324 1059 1401 Quintiliani
1105 1341 1360 1406 quoque
1403 1322 1473 1385 in
1519 1322 1725 1386 instit.
1772 1344 1862 1386 or.
1908 1323 2003 1388 IV
2049 1326 2108 1404 3,
2167 1325 2267 1388 122
2298 1329 2367 1390 et
2409 1327 2611 1392 Nonii

335 1455 397 1516 p.
449 1433 530 1494 75
586 1429 851 1495 fulcitur
910 1425 1318 1492 testimoniis·
1409 1424 1733 1502 Ceterum,
1795 1428 1851 1490 si
1898 1427 2264 1493 Dietschius
2311 1453 2425 1496 »ea
2469 1454 2606 1496 res<

336 1555 455 1616 pro
507 1533 650 1598 »id«
697 1531 911 1599 minus
951 1531 1245 1595 accurate
1288 1529 1417 1594 dici
1442 1531 1616 1594 recte
1637 1531 1984 1612 statuisset,
2029 1533 2225 1597 etiam
2248 1536 2317 1598 in
2339 1538 2611 1621 septimo

337 1637 488 1701 belli
510 1636 661 1722 Jug.
708 1636 919 1721 capite
964 1639 1004 1715 ἓ
1027 1636 1088 1712 3,
1134 1632 1246 1697 ubi
1290 1634 1360 1696 in
1404 1633 1706 1697 omnibus
1745 1633 2136 1709 editionibus
2172 1640 2481 1722 scriptum
2517 1644 2614 1705 est

682 1743 819 1805 »set
862 1761 937 1804 ea
976 1760 1079 1804 res
1122 1739 1315 1821 longe
1361 1738 1551 1800 aliter
1595 1759 1670 1801 ac
1714 1741 1894 1803 ratus
1935 1742 2076 1804 erat
2096 1744 2372 1820 evenit‹‚
2415 1745 2615 1809 verba

683 1865 799 1909 »ea
858 1862 998 1909 res<
1057 1842 1363 1909 delendae
1402 1839 1648 1915 forent,
1718 1841 1784 1905 id
1830 1844 2000 1926 quod
2041 1847 2303 1930 insuper
2345 1869 2459 1932 per
2504 1848 2616 1913 Se-

680 1968 901 2013 verum
987 1949 1197 2011 totum
1276 1945 1487 2011 locum
1576 1948 2047 2013 accuratissime
2125 1950 2613 2017 adumbrantem

679 2052 746 2119 G.
793 2053 827 2119 I
870 2052 983 2130 34,
1051 2052 1088 2115 7
1155 2051 1301 2115 »sed
1366 2050 1563 2134 longe
1608 2049 1796 2114 aliter
1840 2072 1914 2114 ac
1957 2055 2135 2116 ratus
2178 2056 2319 2118 erat
2359 2057 2611 2120 evenit«

338 2157 767 2222 commendari
812 2158 1045 2240 posset.

1283 2383 1435 2467 Jug.
1483 2383 1586 2460 25,
1638 2384 1694 2446 7.

487 2574 783 2639 Senatus
827 2570 1105 2656 querelis
1148 2569 1536 2635 Adherbalis
1581 2573 1937 2634 commotus
1988 2592 2122 2634 non
2166 2573 2379 2637 minus
2423 2596 2615 2657 quam

340 2682 664 2763 permotus
707 2681 958 2763 leg-atos
1002 2680 1073 2743 in
1105 2677 1390 2744 Africam
1435 2677 1784 2742 mittendos
1828 2678 2214 2743 decreverat.
2303 2678 2427 2755 Qui
2473 2704 2617 2745 cum

338 2777 380 2842 J
385 2782 727 2861 ugurtham
756 2802 951 2865 quam
975 2782 1264 2846 ocissime
1291 2782 1549 2847 Uticam
1580 2782 1797 2845 venire
1821 2782 2180 2865 jussissent,
2228 2785 2337 2848 ille
2364 2786 2615 2869 »primo

339 2888 670 2950 conmotus
728 2891 907 2952 metu
966 2888 1162 2971 atque
1206 2887 1494 2952 lubidine
1542 2886 1834 2951 divorsus
1879 2888 2285 2972 agitabatur.
2346 2890 2619 2954 timebat

338 2988 501 3053 iram
565 2994 845 3069 senatus,
916 2992 985 3055 ni
1051 2992 1368 3074 paruisset
1425 2991 1691 3074 legatis:
1761 3012 1952 3074 porro
2020 2992 2272 3056 animus
2317 2995 2618 3078 cupidine

339 3113 559 3157 caecus
598 3094 682 3157 ad
724 3094 1055 3177 inceptum
1096 3093 1305 3159 scelus
1347 3092 1711 3176 rapiebat«.

518 3195 918 3281 »Rapiebatet
988 3198 1061 3261 in
1103 3196 1197 3261 Po
1258 3197 1571 3280 scriptum
1635 3198 1766 3279 est,
1827 3196 2011 3280 cujus
2072 3197 2331 3282 quidem
2389 3221 2618 3264 manus

337 3299 537 3365 altera
580 3302 895 3384 punctum
938 3300 1216 3377 addidit;
1261 3301 1330 3365 in
1371 3300 1639 3383 reliquis
1682 3300 1868 3364 libris
1917 3301 2392 3385 »rapiebatur«.
2465 3303 2616 3369 Jam

338 3406 640 3489 quoniam
691 3405 920 3489 optimi
966 3405 1201 3470 codicis
1264 3405 1422 3470 fides
1461 3404 1727 3470 alterius
1774 3425 1999 3469 manus
2041 3410 2403 3472 correctura
2447 3408 2623 3474 labe-

330 3504 510 3579 facta
552 3512 668 3588 est,
714 3531 903 3577 omne
944 3510 1258 3594 judicium
1296 3532 1333 3575 e
1353 3510 1679 3575 sententia
1705 3511 1776 3573 et
1798 3531 1919 3574 usu
1948 3510 2200 3577 dicendi
2226 3510 2619 3579 Sallustiano

258 3680 265 3687 ,
339 3613 623 3696 pendere
659 3613 933 3681 videtur.
1023 3615 1234 3697 Atque
1278 3613 1358 3678 ad
1401 3634 1540 3678 rem
1585 3615 1843 3698 quidem
1866 3614 2034 3678 nihil
2065 3616 2355 3696 interest,
2403 3619 2620 3681 utrum

234 3714 241 3720 ’
339 3717 657 3781 scribatur
703 3718 1073 3801 »rapiebat«
1122 3739 1208 3782 an
1256 3717 1736 3802 »rapiebatur«,
1782 3719 1909 3782 nisi
1951 3719 2124 3802 quod
2167 3718 2325 3782 illud
2360 3717 2621 3804 elegan-

339 3824 468 3887 tius
532 3823 818 3903 videtur,
886 3843 1029 3887 cum
1073 3824 1338 3888 animus
1394 3821 1439 3888 J
1440 3822 1761 3908 ugurthae
1831 3825 2162 3906 tamquam
2219 3822 2620 3890 adversarius

337 3928 688 4012 cogitetur,
710 3948 727 3974 ·-
753 3926 864 4009 qui
931 3929 1006 3990 ut
1062 3928 1418 4010 temptator
1476 3927 1547 4017 in
1592 3928 1831 3991 malam
1875 3946 2021 3991 eum
2068 3928 2319 4010 partem
2363 3929 2619 3994 trahere

335 4031 493 4097 vult⁴
584 4031 700 4096 Set
738 4051 886 4095 cum
929 4029 1017 4094 111.
1044 4034 1183 4095 arte
1227 4032 1449 4095 critica
1495 4031 1618 4096 hoc
1661 4052 1923 4115 prorsus
1963 4031 2319 4096 cavendum
2356 4032 2461 4106 sit,
2508 4053 2613 4108 ne,

337 4134 548 4216 siquid
602 4135 963 4219 elegantius
1022 4134 1266 4199 dictum
1292 4136 1499 4200 ⁴nobis
1544 4135 1835 4201 videatur
1851 4183 1868 4212 ,
1927 4135 1991 4199 ‘rd
2038 4135 2443 4219 potissimum
2486 4154 2622 4197 am-

335 4239 726 4323 plectamur,
788 4260 914 4322 qua
983 4239 1234 4304 ratione
1281 4238 1627 4317 Sallustius
1669 4259 1887 4304 vocem
1936 4239 2267 4302 »animus«
2315 4256 2625 4320 usurpare

333 4341 537 4404 soleat
574 4341 1058 4425 explorandum
1116 4342 1258 4407 erit.
1351 4341 1498 4408 Huc
1525 4390 1530 4394 -
1558 4343 1930 4427 pertinent:
1992 4340 2127 4405 Cat.
2177 4341 2237 4417 3,
2283 4339 2325 4403 4
2369 4340 2620 4405 animus
