3000 4792
561 1524 683 1592 Gai
738 1525 1000 1594 Sallusti
1057 1527 1265 1614 Crispi
1279 1577 1296 1612 ,
1359 1528 1472 1613 qui
1525 1500 1964 1594 Romanorum
2023 1530 2268 1614 primus
2327 1528 2666 1597 historiam

386 1632 630 1697 artifice
674 1633 823 1698 stilo
855 1635 1233 1719 composuit,
1281 1635 1521 1718 scripta
1554 1633 1654 1698 vel
1683 1633 1762 1698 ad
1792 1634 2137 1699 novissima
2163 1636 2406 1701 mediae
2435 1636 2666 1701 aetatis

383 1740 677 1822 tempora
717 1761 852 1804 non
895 1740 1085 1804 modo
1129 1739 1507 1824 frequenter
1548 1739 1843 1803 lectitata
1883 1742 2038 1804 sunt
2079 1741 2146 1804 et
2188 1743 2506 1825 excerpta,
2554 1740 2665 1805 sed
2761 1825 2788 1843 l

383 1843 579 1908 etiam
633 1843 1087 1908 illustrissimis
1146 1865 1358 1909 rerum
1415 1843 1840 1928 scriptoribus
1899 1844 2234 1929 proposita
2277 1845 2541 1910 fuerunt
2583 1844 2666 1910 ad

380 1948 782 2013 imitandum.
891 1947 1056 2023 Quid
1113 1970 1234 2034 ego
1294 1949 1399 2013 hic
1442 1969 1933 2013 commemorem
1983 1947 2465 2015 Witechindum
2512 1946 2668 2014 Cor-

380 2052 735 2135 bejensem,
803 2055 957 2137 quid
1021 2053 1537 2119 Hersfeldensem
1593 2051 2012 2118 Lambertum
2031 2104 2046 2133 ,
2122 2055 2277 2138 quid
2345 2053 2668 2119 Adamum

380 2155 814 2238 Bremensem,
860 2159 1014 2243 quid
1043 2158 1285 2223 multos
1310 2158 1491 2236 alios,
1539 2159 1710 2243 apud
1739 2179 1901 2242 quos
1919 2158 2214 2224 lectionis
2239 2158 2665 2224 Sallustianae

382 2261 655 2345 vestigia
698 2264 1127 2346 reperiuntur,
1175 2285 1376 2328 unum
1420 2263 1613 2327 liceat
1656 2262 1821 2327 mihi
1873 2261 1997 2327 hoc
2041 2263 2181 2328 loco
2212 2263 2431 2348 paullo
2464 2262 2668 2347 pluri-

383 2365 504 2429 bus
543 2365 802 2432 laudare
823 2366 1128 2432 Ottonem
1158 2367 1658 2453 Frisingensem,
1703 2368 1945 2452 quippe
1977 2369 2089 2452 qui
2120 2367 2413 2433 homines
2445 2368 2665 2433 doctos
2733 2410 2756 2425 .-

381 2471 576 2534 etiam
606 2491 680 2535 ea
701 2471 1101 2556 tempestate,
1151 2494 1279 2556 qua
1307 2473 1563 2536 litterae
1587 2471 2005 2536 Germanicae
2037 2471 2266 2537 florere
2291 2474 2662 2556 coeperunt,

380 2575 449 2639 in
494 2577 686 2640 rebus
727 2580 1189 2663 componendis
1236 2577 1609 2643 Sallustium
1654 2577 1947 2642 imitatos
1991 2599 2123 2642 esse
2168 2581 2463 2643 testetur.

552 2679 677 2746 Sed
719 2686 795 2745 ut
837 2705 1011 2748 nunc
1041 2684 1301 2748 tandem
1333 2684 1414 2748 ad
1441 2683 1645 2767 ipsius
1674 2681 1941 2747 Sallusti
1967 2685 2245 2747 aetatem
2269 2682 2663 2762 accedamus,

373 2785 510 2868 jam
568 2788 866 2871 aequales
908 2809 1055 2852 eum
1098 2788 1178 2851 ad
1223 2809 1533 2852 summam
1584 2786 2079 2851 admirationem
2125 2787 2226 2852 sui
2271 2787 2664 2852 convertisse

381 2894 671 2975 apparet.
778 2889 960 2966 Quod
1016 2894 1111 2957 ita
1172 2891 1369 2957 fuisse
1427 2913 1575 2956 cum
1633 2890 1874 2956 Seneca
1939 2893 2164 2955 auctor
2220 2894 2318 2956 est
2334 2939 2349 2969 ,
2418 2892 2528 2975 qui
2594 2892 2666 2955 in

380 2995 568 3078 epist.
615 2996 860 3072 118,14
904 2995 978 3061 L.
1067 2995 1453 3061 Arruntium
1514 2998 1781 3080 propter
1825 2995 2093 3060 nimiam
2138 2993 2407 3060 Sallusti
2450 2995 2667 3059 imita-

378 3098 623 3161 tionem
667 3100 951 3181 graviter
994 3101 1345 3185 vituperat,
1405 3103 1544 3164 tum
1589 3099 1739 3164 inde
1784 3098 2165 3181 colligimuS,
2211 3099 2382 3181 quod
2428 3099 2667 3163 multos

379 3200 490 3264 ille
535 3199 768 3265 habuit
811 3201 1295 3279 obtrectatores,
1342 3204 1455 3286 qui
1498 3223 1633 3266 non
1677 3202 2076 3265 insectantur
2120 3201 2247 3264 nisi
2277 3203 2388 3285 qui
2419 3201 2665 3287 insigni

379 3308 597 3392 aliquo
643 3329 834 3393 opere
866 3309 1141 3394 gloriam
1171 3310 1387 3394 adepti
1417 3312 1586 3374 sunt.
1654 3306 1980 3373 Lenaeum
2005 3308 2174 3374 enim
2206 3309 2662 3375 »acerbissima

377 3411 755 3479 Sallustium
817 3414 1017 3477 satira
1074 3414 1387 3479 lacerasse
1444 3417 1512 3478 et
1568 3413 1702 3478 vita
1758 3412 2142 3496 scriptisque
2205 3417 2662 3494 monstrosum,

378 3520 710 3602 praeterea
784 3519 1142 3603 priscorum
1211 3517 1602 3603 Catonisque
1672 3517 2016 3582 verborum
2088 3517 2666 3583 ineruditissimum

378 3621 587 3688 furem
641 3624 1034 3708 appellasse«
1083 3622 1380 3709 (Sueton.
1426 3623 1505 3688 de
1548 3623 1788 3687 illustr.
1834 3642 2106 3706 gramm.
2164 3623 2236 3686 15
2283 3623 2381 3687 ed.
2428 3622 2666 3698 Baum-

378 3728 652 3811 garten-
668 3725 956 3809 Crusius)
1028 3727 1374 3812 Titumque
1454 3725 1714 3792 Livium
1795 3724 2100 3790 Sallustio
2182 3725 2665 3810 iniquissimum

375 3829 574 3897 fuisse
617 3832 1044 3916 comperimus
1088 3832 1200 3898 cfr.
1230 3831 1374 3899 Sen.
1408 3834 1695 3898 controv.
1725 3852 1787 3915 p.
1822 3830 1949 3895 249
1994 3830 2090 3895 ed.
2118 3828 2303 3894 Burs.
2379 3829 2663 3896 Multum

374 3937 598 4003 tamen
643 3935 923 4004 abfuisse
943 3985 958 4014 ,
1021 3940 1097 4003 ut
1140 3937 1488 4003 auctoritas
1533 3934 1799 4001 Sallusti
1841 3933 2342 4018 infringeretur,
2405 3933 2665 4001 Curtius

378 4039 566 4107 docet
607 4040 843 4120 Rufus,
905 4063 1096 4126 quem
1140 4042 1345 4108 multa
1387 4064 1422 4107 e
1469 4040 1775 4106 Sallustio
1819 4040 1886 4104 et
1930 4037 2114 4104 Livio
2159 4039 2229 4103 in
2270 4039 2474 4105 libros
2516 4058 2665 4104 suos

378 4144 457 4213 de
500 4147 699 4231 gestis
721 4145 1076 4215 Alexandri
1098 4145 1323 4232 Magni
1365 4145 1772 4211 transtulisse
1815 4164 2128 4228 usumque
2158 4164 2378 4209 eorum
2408 4142 2660 4209 dicendi

370 4248 697 4317 imitatum
739 4272 874 4315 esse
920 4247 1416 4318 Wiedemannus
1460 4249 1529 4314 in
1560 4247 1801 4314 Philol.
1823 4247 1947 4314 vol.
1977 4245 2192 4312 XXXI
2220 4269 2282 4331 p.
2309 4246 2660 4313 756-760

361 4352 724 4419 luculenter
798 4355 1280 4422 demonstravit.
1403 4351 1511 4420 At
1590 4353 1799 4419 multo
1886 4351 2195 4436 majorem
2272 4350 2660 4419 imitationis

354 4453 785 4529 Sallustianae
847 4458 1125 4546 gloriam
1184 4458 1311 4526 sibi
1374 4457 1777 4545 comparavit
1850 4453 1924 4525 P.
1972 4453 2305 4523 Cornelius
2358 4454 2660 4538 Tacitus,
