3000 4792
1592 206 1680 272 46

463 379 656 465 plane
719 377 1058 444 confirmat
1101 376 1167 442 11
1225 377 1305 442 51
1376 377 1529 463 «qui
1586 398 1733 444 eum
1790 380 2047 445 oratum
2090 381 2477 448 venissent«.
2568 381 2754 452 Nam·

463 484 628 550 alter
670 483 784 568 qui
825 482 1080 549 obstare
1123 482 1376 548 videtur
1418 483 1601 549 locus
2749 471 2753 476 ’

814 589 881 656 ΙΙ
952 591 1034 655 21
1122 590 1395 655 »iterato
1460 589 1544 654 ad
1607 609 1722 656 vos
1780 590 1866 656 ob
1930 590 2200 657 eandem
2262 614 2529 660 causam
2612 618 2763 662 ora-

820 697 963 761 tum
1005 694 1332 759 venimus«
1394 756 1400 761 .

475 801 718 869 nullius
759 801 831 867 in
872 799 994 866 hac
1036 799 1409 884 quaestione
1455 798 1863 884 dijudicanda
1906 803 2219 868 momenti
2249 805 2367 885 est,
2410 825 2558 871 cum
2587 807 2762 874 inter

477 929 673 976 »vos«
720 909 788 975 et
833 908 1167 974 »oratum«
1215 904 1412 970 verba
1454 903 1706 989 aliquot
1748 907 2174 975 intercedant.

1406 1145 1452 1216 J
1452 1171 1556 1236 ug.
1601 1149 1706 1228 24,
1753 1151 1814 1216 3.

511 1387 520 1397 .
644 1338 823 1404 Idem
882 1337 992 1403 ille
1037 1335 1370 1403 Adherbal
1411 1336 1744 1407 adversam
1800 1358 1928 1420 qua
1971 1337 2254 1405 afflictus
2298 1338 2385 1405 sit
2427 1338 2755 1406 fortunam

473 1444 931 1530 conqueritur:
2619 1514 2630 1521 ‚

824 1549 1082 1632 »itaque
1128 1547 1428 1631 quintum
1481 1546 1619 1631 jam
1663 1540 1947 1613 niensem
1989 1549 2199 1614 socius
2245 1553 2313 1615 et
2352 1551 2593 1617 amicus
2636 1572 2755 1636 po-

817 1653 955 1738 puli
1016 1652 1297 1716 Romani
1365 1651 1563 1716 armis
1628 1652 1922 1717 obsessus
1983 1655 2241 1732 teneor,
2313 1676 2524 1738 neque
2591 1655 2788 1720 mihi

816 1755 1125 1841 Micipsae
1169 1756 1372 1841 patris
1418 1754 1733 1821 beneficia
1776 1777 1984 1841 neque
2030 1760 2246 1823 vostra
2283 1759 2540 1825 decreta
2574 1761 2753 1825 auxi-

817 1865 1093 1930 liantur:
1136 1862 1306 1929 ferro
1353 1884 1439 1928 an
1480 1862 1647 1929 fame
1692 1866 1900 1931 acrius
1944 1887 2220 1951 urgueat
2242 1868 2563 1934 incertum
2587 1870 2745 1935 est«

818 1969 924 2035 Sic
968 1968 1032 2036 V
1092 1971 1157 2035 et
1201 1992 1264 2054 p.
1324 1967 1425 2054 (in
1486 1970 1847 2057 margine),
1908 1969 1979 2035 P.
2028 1970 2095 2035 O.
2165 1973 2488 2039 »incertus
2545 1995 2750 2039 sum«.

644 2075 787 2142 Hoc
834 2096 1090 2159 quoque
1133 2075 1275 2139 loco
1317 2074 1429 2158 qui
1474 2077 1733 2160 seriptis
1755 2073 2020 2140 Sallusti
2050 2078 2464 2143 emendandis
2487 2101 2751 2164 operam

469 2185 795 2248 navarunt
812 2229 828 2261 ,
894 2183 970 2245 ut
1029 2181 1299 2264 quisque
1359 2181 1601 2245 certam
1655 2180 1781 2245 sibi
1838 2180 1915 2245 de
1976 2181 2303 2247 codicibus
2361 2185 2749 2248 sententiam

468 2289 681 2368 finxit,
728 2309 868 2353 eam
912 2286 1113 2352 secuti
1154 2285 1318 2350 alius
1362 2286 1490 2350 alia
1533 2285 1785 2350 ratione
1828 2307 1965 2351 rem
2010 2289 2301 2373 aggressi
2344 2292 2513 2354 sunt.
2602 2289 2647 2356 J
2649 2312 2751 2355 or-

469 2393 670 2459 danus
715 2392 889 2457 enim
931 2389 1011 2455 Pi
1055 2390 1397 2455 lectionem
1443 2389 1748 2481 praefert,
1794 2389 2101 2456 Dieokius
2144 2394 2319 2456 tacet
2363 2392 2481 2457 cfr.
2528 2416 2591 2478 p.
2640 2394 2748 2478 52,

471 2496 902 2564 Weinholdus
966 2519 1029 2581 p.
1079 2496 1203 2560 193
1277 2497 1343 2559 et
1401 2493 1767 2575 Dietschius
1830 2517 1894 2580 p.
1960 2497 2084 2561 118
2127 2495 2302 2562 Vum
2375 2497 2749 2564 defendunt.

470 2603 654 2682 Quod
720 2602 880 2668 mihi
935 2601 1194 2686 quidem
1253 2622 1367 2665 suo
1421 2600 1568 2685 jure
1624 2600 1851 2677 feese
1908 2601 2227 2667 videntur.
2317 2601 2516 2668 Recte
2577 2604 2750 2668 enim

469 2706 839 2774 Dietschius
923 2705 1217 2771 homines
1305 2706 1535 2790 inopes
1618 2705 1873 2770 consilii
1957 2727 1997 2769 a
2074 2706 2381 2773 Sallustio
2465 2708 2750 2774 incertos

469 2812 782 2900 appellari
842 2811 998 2878 dicit
1062 2809 1207 2898 (cfr.
1251 2806 1399 2895 Jug.
1454 2813 1554 2888 14,
1602 2811 1704 2893 23,
1764 2811 1869 2894 67,
1917 2812 1974 2875 1.
2058 2812 2160 2891 74,
2214 2815 2266 2879 1.
2345 2812 2488 2892 101,
2535 2815 2623 2892 2),
2681 2813 2749 2878 id

468 2919 642 3005 quod
698 2917 849 2983 huic
907 2916 1048 2983 loco
1114 2916 1328 2980 minus
1385 2915 1749 2981 conveniat.
1836 2914 2081 2982 Eodem
2124 2939 2275 2983 vero
2331 2918 2479 3002 jure
2525 2917 2752 2983 Wein-

465 3024 696 3097 holdus
739 3046 802 3109 p.
830 3023 956 3088 193
1000 3021 1278 3087 alterum
1322 3021 1494 3105 quod
1518 3021 1890 3087 Dietschius
1927 3023 2247 3108 adjecerat
2277 3028 2749 3110 argumentum,

465 3120 725 3216 gravius
766 3126 1203 3193 Adherbalem
1262 3126 1471 3193 dicere
1540 3129 1903 3193 »neminem
1947 3128 2303 3195 discernere
2347 3151 2534 3215 posse
2579 3130 2749 3196 ferro

467 3257 550 3300 an
614 3234 783 3300 fame
841 3232 1053 3298 acrius
1096 3234 1490 3318 urgueatun:
1540 3255 1735 3318 quam
1791 3254 1899 3300 »se
1940 3255 2074 3298 non
2120 3256 2308 3319 posse
2352 3234 2473 3300 hoc
2515 3235 2755 3301 discer-

467 3361 659 3406 nere«
707 3337 944 3402 falsum
988 3357 1122 3402 esse
1167 3335 1358 3415 dicit;
1424 3338 1741 3404 veriorem
1785 3341 2002 3404 autem
2048 3360 2182 3404 esse
2228 3360 2368 3404 eam
2410 3339 2749 3419 rationem,

465 3447 543 3510 ut
601 3466 746 3509 cum
793 3441 1136 3508 Sallustius
1183 3442 1515 3508 notionem
1557 3445 1733 3509 vocis
1776 3444 2047 3528 alicujus
2093 3464 2341 3508 summa
2382 3442 2753 3507 constantia

465 3549 747 3616 retinere
813 3547 1016 3613 soleat
1098 3548 1334 3615 »verba
1398 3548 1479 3614 ad
1562 3549 1897 3633 scriptoris
1964 3547 2491 3613 consuetudinem
2565 3548 2755 3613 resti-

463 3657 744 3742 tuamus,
791 3674 984 3738 quam
1029 3655 1124 3732 ut,
1170 3653 1226 3717 si
1271 3656 1581 3737 quattuor
1628 3654 1785 3718 locis
1829 3651 2063 3735 aliquis
2108 3672 2260 3716 usus
2306 3652 2748 3734 confirmetur,

465 3761 695 3844 quinto
741 3760 957 3823 autem
995 3758 1318 3843 scriptura
1358 3757 1645 3839 fluctuet,
1689 3756 1813 3822 hoc
1858 3757 1997 3822 loco
2024 3756 2216 3822 aliam
2238 3758 2445 3842 legem
2481 3758 2756 3842 scripto-

463 3886 602 3930 rem
647 3865 936 3930 secutum
979 3884 1114 3929 esse
1160 3865 1577 3927 statuamus«
1668 3860 1809 3926 Huc
1873 3862 2156 3943 accedit,
2226 3864 2430 3948 quod,
2495 3865 2572 3926 ut
2614 3862 2754 3947 ipse

465 3967 805 4034 Sallustius
866 3967 1023 4033 dicit
1066 3966 1151 4032 H.
1198 3966 1296 4033 IV
1341 3968 1379 4032 5
1445 3967 1920 4053 »perincertum
1978 3968 2274 4034 stolidior
2333 3990 2417 4033 an
2460 3967 2752 4047 vanior«,

464 4075 562 4141 ita
639 4072 998 4138 imitatores
1077 4093 1332 4158 quoque
1392 4074 1606 4139 verbis
1672 4075 2032 4140 »incertum
2097 4077 2234 4139 est«
2302 4073 2436 4156 vel,
2519 4073 2756 4138 omissa

465 4178 698 4263 copula
772 4179 1170 4243 »incertum«
1245 4177 1831 4262 interrogationem
1910 4180 2363 4263 disjunctivam
2439 4176 2758 4263 particula

468 4285 771 4345 ›utrum‹
821 4302 952 4345 non
998 4280 1209 4364 posita
1255 4280 1662 4366 subjungunt
1705 4282 1818 4347 cfr.
1869 4281 1932 4347 S.
1978 4281 2122 4347 Sev.
2168 4280 2323 4347 (2.ss
2373 4283 2475 4363 28,
2527 4284 2567 4346 3
2616 4283 2755 4346 »in-

467 4386 730 4453 eertum
775 4384 998 4468 pigeat
1040 4405 1125 4448 an
1169 4383 1410 4468 pudeat
1456 4386 1665 4471 magis
1708 4388 2039 4452 disserere.
2123 4385 2205 4452 D.
2253 4386 2355 4453 Or.
2378 4386 2446 4453 Π
2496 4390 2574 4453 15
2624 4363 2782 4452 »in-⁴
