3000 4792
200 4220 207 4227 '
320 4216 537 4275 hostem
570 4227 730 4293 atque
766 4225 1066 4293 paricidam
1089 4235 1212 4285 rant
1247 4232 1548 4301 inquietum
1598 4250 1664 4287 ac
1699 4235 1837 4289 sedi·

1469 187 1570 254 ‘35

567 350 723 420 Sall.
770 351 909 420 Gat.
1333 359 1509 426 Dict.
1557 358 1666 426 Or.
2123 364 2188 433 S.
2236 365 2385 435 Sev.

702 513 793 568 21.
1348 542 1364 548 -
1443 566 1449 571 .

391 581 446 649 1)
492 596 631 651 quae
679 583 919 641 conditio
965 583 1104 640 belli
1168 587 1197 642 Ι
1259 589 1328 645 15
1403 589 1632 648 consilio
1702 605 1868 662 super
1924 590 1967 648 C
2015 593 2044 648 Ι
2090 596 2193 664 44,
2244 599 2279 652 3
2326 596 2463 654 belli
2507 614 2635 656 con·

353 650 497 707 foret
1126 661 1436 720 conditione
1468 661 1666 734 proelii
1887 663 2123 721 ditiones

389 724 446 794 4)
465 723 772 782 maledictis
783 725 1105 798 increpabat
1922 737 1982 792 M
2019 739 2107 804 22,
2142 741 2180 794 2
2215 740 2477 811 convicia,
2520 742 2637 813 qui·

686 867 758 924 22
1887 808 1989 865 bus
2027 846 2044 863 .
2079 851 2095 866 .
2134 849 2148 864 .
2183 809 2506 882 increpabat

387 940 444 1007 s)
487 937 585 1011 qui
629 908 906 998 omioni„
963 959 1100 999 um-
1166 937 1218 999 v
1272 940 1342 995 16
1400 938 1485 994 uti
1541 939 1728 997 odium
1784 941 1867 996 sui

348 1010 497 1069 diam
531 1013 694 1067 leniri
730 1012 1030 1070 credebant
1119 1010 1269 1081 apud
1291 1012 1591 1068 exercitum
1608 1013 1867 1070 leniretur

683 1087 774 1140 23.

368 1116 438 1224 ’6)
472 1155 682 1214 invidia
715 1156 1006 1213 aestuabat
1152 1150 1235 1205 III
1252 1154 1285 1207 3
1324 1157 1569 1210 aestuare
1592 1153 1862 1212 desiderio
1918 1155 1961 1213 C
1995 1157 2052 1212 11
2085 1157 2176 1230 45,
2222 1161 2257 1217 5
2304 1175 2506 1230 magna
2540 1176 2633 1215 cu-

1883 1246 2066 1286 rarum
2083 1231 2228 1289 mole
2252 1235 2503 1288 aestuans
2530 1230 2632 1289 cfr.
2715 1248 2722 1251 ’

682 1371 755 1422 24
1882 1300 2449 1374 1121,5.M25‚1
2568 1316 2574 1322 “

395 1439 453 1510 2)
502 1436 759 1510 princeps
813 1437 917 1496 fuit
962 1440 1096 1496 beni
1148 1424 1205 1478 Π
1237 1428 1270 1482 3
1319 1425 1426 1498 ipsi
1457 1425 1627 1512 ‚daces
1661 1430 1861 1502 prinoi-

346 1508 594 1565 fwiundi
1113 1513 1210 1567 pes
1244 1504 1561 1557 certaminis

403 1581 461 1650 3)
510 1580 790 1650 plurumos
835 1583 1091 1653 cujusque

347 1653 560 1722 generis
614 1654 860 1709 homines
919 1654 1090 1710 adsci-
1195 1658 1202 1669 '

344 1723 483 1779 visse
518 1725 626 1779 sibi
649 1725 867 1795 dicitur,
899 1727 1089 1783 mulie-

341 1812 428 1851 res
465 1796 629 1852 etiam
677 1797 884 1866 aliquot
897 1837 911 1862 ‚
956 1816 1091 1867 quae

340 1867 520 1937 primo
558 1869 798 1938 ingentis
841 1876 1089 1940 sumptus

340 1943 531 2009 stupro
590 1941 834 2010 corporis
893 1942 1090 1997 tolera-

340 2014 568 2079 verant,
623 2016 750 2081 post
801 2050 817 2067 .
869 2052 882 2067 .
924 2053 938 2067 .
998 2030 1087 2068 aes

340 2081 581 2136 alienum
629 2082 837 2153 grande
888 2084 1088 2140 confla·

340 2157 531 2209 verant

394 2295 452 2365 5)
513 2296 796 2351 constituit
880 2296 1084 2352 bellum
1115 2295 1196 2356 vII
1235 2299 1301 2353 31
1364 2301 1563 2354 cuncta
1610 2303 1854 2357 extrema

336 2366 521 2453 facere
554 2373 612 2453 et
634 2372 877 2424 extrema
904 2370 1081 2425 omnia
1104 2373 1252 2423 ratus
1285 2370 1521 2440 experiri
1558 2411 1572 2426 .
1598 2412 1612 2428 .
1638 2415 1653 2428 .
1691 2373 1852 2429 desti·
1955 2420 1962 2430 ‚

1916 1573 1959 1631 C
1995 1575 2052 1629 Π
2083 1578 2174 1644 46,
2222 1580 2256 1634 ὅ
2293 1579 2495 1635 multos
2530 1596 2626 1635 no-

1882 1647 2073 1702 bilium
2118 1649 2408 1720 pluresque
2457 1668 2629 1722 popu-

1878 1719 2020 1774 lares
2058 1761 2072 1775 .
2112 1761 2127 1776 .
2163 1761 2178 1776 .
2215 1721 2427 1777 allicuit
2460 1724 2519 1776 in
2541 1740 2632 1778 so-

1878 1791 2151 1846 cietatem.
2214 1793 2286 1848 ad
2346 1794 2452 1849 boc
2512 1811 2629 1849 mu·

1877 1863 2037 1917 lieres
2106 1881 2371 1919 novarum
2441 1882 2625 1921 rerum

1876 1935 2121 2005 cupidae,
2156 1935 2298 1991 fluxa
2332 1937 2439 2021 fide
2477 1941 2533 1992 et
2552 1938 2627 2022 ad

1876 2023 2059 2062 omma
2106 2023 2321 2064 curioso
2383 2026 2624 2078 ingemo,

1876 2081 2194 2134 catervatim
2229 2080 2302 2135 ad
2336 2098 2462 2135 eum
2496 2098 2624 2138 con-

1874 2149 2118 2206 fluebant

335 2456 574 2510 experm
890 2488 897 2495 ,
1105 2448 1329 2497 naverat

372 2580 427 2650 1)
463 2512 872 2651 ancipitffinalo
1137 2581 1193 2635 II
1229 2582 1299 2639 12
1335 2583 1561 2655 ancipiti
1596 2585 1743 2641 malo
1905 2593 1954 2647 E
1974 2597 2023 2663 l,
2048 2597 2113 2650 12
2128 2596 2354 2666 ancipiti
2369 2597 2614 2666 periculo

370 2652 538 2722 ‘quod
621 2652 942 2723 plerumque
1025 2654 1080 2710 in
1172 2652 1227 2707 11
1268 2658 1343 2711 ’23
1394 2660 1457 2712 ut
1507 2657 1565 2711 in
1613 2658 1713 2714 tali
1758 2664 1850 2713 n'e·
1905 2665 1955 2719 E
1994 2670 2049 2731 2,
2094 2671 2128 2721 2
2174 2673 2237 2722 ut
2289 2670 2611 2739 plerumque

333 2725 511 2780 atroci
543 2723 767 2850 negtgtcijo
800 2726 942 2781 solet
1103 2725 1254 2795 gotio
1285 2726 1402 2783 fieri
1435 2730 1578 2785 solet
1869 2753 1935 2791 ex
1969 2739 2352 2796 maestitudine
2388 2742 2527 2797 solet

371 2862 429 2932 5)
479 2881 582 2948 pro
636 2871 885 2938 tempore
934 2903 950 2920 .
1001 2907 1015 2922 .
1064 2909 1077 2922 .

335 2941 634 2992 exercitum
671 2943 1052 3010 compararent

359 3079 416 3149 1)
440 3079 634 3148 quibus
653 3081 813 3137 rebus
826 3090 1078 3152 permota
1131 3081 1214 3136 111
1273 3085 1339 3139 16
1392 3084 1645 3143 foedatur
1689 3092 1847 3159 regni

331 3150 529 3206 civitae
579 3155 741 3220 atque
810 3154 1078 3211 inmutata
1097 3151 1316 3209 habitus
1351 3161 1516 3227 atque
1540 3159 1597 3213 in
1620 3161 1845 3216 modum

328 3222 483 3278 urbis
519 3221 684 3279 facies
719 3230 840 3281 erat
1096 3224 1384 3295 lugubrem
1471 3230 1845 3304 funestumque

1097 3297 1339 3354 obducta
1367 3299 1533 3358 facies
1569 3304 1807 3360 civitatis

364 3378 433 3418 ex
455 3380 670 3420 summa
685 3365 896 3423 laetitia
912 3371 1077 3438 atque
1133 3367 1183 3424 V
1221 3373 1293 3426 22
1326 3370 1480 3428 fessis
1515 3375 1693 3431 multo
1715 3377 1842 3433 vino
1910 3395 1952 3452 ο
2010 3396 2039 3452 1
2093 3401 2166 3454 24
2254 3403 2290 3456 4
2362 3402 2608 3472 corrupti

325 3435 572 3500 lascivia,
625 3454 766 3505 quae
819 3438 1076 3497 diuturna
1096 3444 1256 3510 atque
1321 3460 1516 3500 somno
1577 3447 1841 3516 barbaris,
1863 3467 2058 3540 longae
2110 3441 2263 3543 pa’cig
2314 3478 2461 3533 malo
2508 3475 2609 3532 cfr,

325 3507 475 3578 quies
510 3510 800 3580 pepererat
1092 3529 1232 3581 quae
1281 3519 1511 3586 utraque
1557 3536 1658 3589 per
1691 3521 1840 3577 laeti·
1860 3539 1915 3594 11
1955 3544 2021 3597 17
2026 3573 2054 3613 ²,
2075 3543 2110 3596 5

1093 3586 1227 3639 tiam
1261 3590 1719 3662 securitatemque
1745 3612 1840 3664 pa-

1092 3657 1169 3710 cis
1204 3659 1613 3718 intervenerant

376 3717 440 3804 2).
482 3737 579 3778 suo
639 3721 862 3806 quisque
920 3729 1069 3781 metu
1125 3724 1180 3782 ΙΙ
1216 3730 1249 3784 2
1298 3732 1501 3804 singuli
1550 3751 1653 3805 pro
1689 3739 1837 3793 metu

321 3793 570 3861 pericula
605 3795 786 3848 metiri
1089 3817 1186 3856 suo

360 3863 418 3932 ¹7)
469 3863 706 3919 demisso
754 3865 903 3922 voltu
937 3885 1093 3932 voce¹
1124 3873 1205 3927 III
1223 3877 1294 3928 20
1306 3876 1560 3932 manibus
1579 3877 1837 3949 vultuque
1897 3887 1938 3943 C
1973 3887 2002 3943 I
2041 3888 2143 3954 20,
2187 3891 2220 3943 7
2265 3889 2457 3946 flentes
2506 3909 2605 3963 po-

321 3935 559 4006 subplici
608 3937 887 4020 postulare
938 3977 953 3993 .
1000 3981 1012 3994 .
1054 3982 1068 3996 .
1088 3946 1422 4016 supplicibus
1859 3961 2047 4029 pulum
2108 3963 2450 4018 obtestantur
2465 4002 2479 4028 ,
2534 3980 2604 4017 ne

322 4008 532 4076 coepit,
584 4024 656 4062 ne
711 4009 842 4078 qmd
897 4009 967 4065 ᾱθ
1009 4028 1068 4067 88
1858 4034 2293 4103 exploratoribus
2317 4035 2605 4088 crederent

321 4079 528 4134 temere
566 4079 855 4135 crederent
1859 4104 2211 4162 formidulosa
2244 4104 2603 4161 referentibus

355 4148 414 4217 8)
475 4150 792 4221 obstrepere
863 4170 1068 4221 omnes,
1122 4158 1178 4212 11
1213 4160 1284 4214 24
1332 4177 1521 4216 omnes
1569 4161 1663 4230 qui
1711 4162 1836 4217 ade·

1904 2879 1945 2935 O
1982 2881 2009 2934 1
2058 2884 2160 2949 22,
2212 2884 2245 2936 3
2299 2899 2474 2951 neque
2522 2899 2616 2938 na-

1866 2951 2017 3080 ἔιέἰιι
2054 2953 2216 3025 copia
2239 2955 2613 3025 prfftempore

318 4306 514 4346 vocare
553 4321 619 4333 —-
674 4295 873 4350 deinde
909 4314 967 4351 se
1003 4316 1066 4354 ex
1091 4301 1288 4357 tiosum
1309 4304 1690 4358 Antimachum
1714 4324 1836 4375 pro·

314 4362 468 4420 curia
501 4363 726 4422 domum
757 4369 1034 4439 proripuit
1094 4375 1407 4431 nuntiantes
1424 4392 1454 4431 e
1469 4377 1619 4432 curia
1630 4378 1836 4448 ejecere

2032 4471 2113 4526 4*
