3000 4792
1384 205 1480 288 '41

284 418 480 484 quam
535 398 708 464 inter
746 418 812 465 se
855 398 1220 485 discrepare
1264 397 1634 487 apparebit-3
1692 397 1804 463 sed
1847 395 2154 483 quoniam
2189 394 2367 460 ‘tant-i
2409 414 2548 459 am-

282 502 463 569 bitus
506 492 977 571 scrutationem
1005 504 1261 571 institui
1304 526 1403 570 res
1445 505 1588 588 ipsa
1631 504 1825 581 vetat,
1869 503 1941 568 in
1979 501 2064 568 iis
2090 503 2347 566 tantum
2371 499 2553 580 locis,

291 629 451 693 quos
507 608 682 675 infra
735 611 1078 676 tractaturi
1135 631 1353 675 sumus
1371 659 1386 688 ,
1453 609 1786 676 occasione
1844 608 2064 675 oblata
2106 608 2177 671 in
2219 606 2383 671 hanc
2427 625 2562 669 rem

288 700 706 797 inquiremus.
798 715 937 790 Qua
1000 717 1068 780 in
1112 738 1180 782 re
1238 738 1272 781 e
1330 716 1589 800 scriptis
1649 713 1911 799 quidem
1956 712 2175 778 Severi
2239 702 2371 775 non
2436 707 2564 773 nisi

293 819 446 884 libri
490 843 528 886 a
571 821 793 886 mundi
837 823 1099 888 exordio
1141 823 1526 908 respiciendi
1572 825 1778 900 erunt,
1824 822 2066 906 quippe
2113 819 2226 904 qui
2263 817 2374 882 uni
2406 835 2569 902 puro

295 925 571 1008 quodam
615 928 809 1012 atque
846 927 1177 1013 splendido
1222 948 1518 994 sermone
1562 910 1976 1013 praecellant,
2022 945 2166 991 cum
2196 924 2263 987 in
2299 912 2571 1009 dialogis

284 1031 367 1093 ‘et
417 1018 553 1094 vita
606 1029 910 1110 Martini,
982 1033 1215 1117 quibus
1279 1035 1350 1097 in
1413 1033 1598 1098 libris
1657 1031 1927 1096 Severus
1990 1029 2286 1094 homines
2348 1016 2571 1091 doctos

294 1134 508 1199 minus
572 1137 893 1223 spectasse
949 1136 1234 1213 videtur,
1298 1138 1439 1220 ipse
1501 1159 1568 1201 se
1630 1136 2019 1201 soloecismis
2065 1156 2201 1199 non
2241 1133 2572 1201 erubuisse

295 1240 480 1305 testis
523 1242 610 1306 sit
651 1240 768 1305 cfr.
815 1239 1146 1305 exordium
1190 1241 1361 1304 vitae
1404 1240 1492 1304 M.
1541 1245 1581 1323 ξ
1627 1242 1685 1318 5,
1733 1240 2037 1324 Bernays.
2086 1264 2147 1325 p.
2197 1239 2302 1304 42.

468 1346 769 1413 Ceterum
814 1345 1122 1430 exemplis
1152 1344 1551 1410 imitationis
1581 1345 1919 1430 'congestis
1963 1365 2097 1410 non
2142 1344 2266 1409 hoc
2309 1345 2569 1408 tantum

293 1451 572 1545 assecuti
617 1471 852 1544 sumne,
912 1451 986 1521 ut
1028 1472 1155 1547 qua
1198 1451 1447 1519 ratione
1493 1449 1845 1537 Septimius
1880 1451 1951 1522 et
1995 1448 2265 1521 Severus
2308 1448 2380 1515 in
2425 1446 2567 1513 Sal-

291 1557 492 1621 lustio
528 1534 840 1629 imitando
885 1555 1121 1621 versati
1146 1556 1279 1631 sint
1308 1557 1787 1641 perspiciamus,
1834 1554 2041 1639 majus
2068 1553 2570 1633 emolumentum

294 1660 376 1733 ad
419 1661 631 1744 ipsum
672 1660 1000 1759 pertinere
1045 1660 1296 1725 videtur
1341 1659 1738 1735 Sallustium.
1826 1658 1920 1724 Ut
1946 1659 2118 1731 enim
2149 1681 2183 1724 e
2223 1658 2381 1731 locis
2409 1656 2557 1747 illis,

295 1765 530 1867 quibus
572 1764 846 1831 Severus
889 1765 1192 1839 historias
1224 1764 1646 1839 Sallustianae
1690 1767 2006 1850 spectasse
2051 1763 2324 1840 videtur,
2370 1761 2572 1839 libros

293 1892 401 1937 eos
464 1872 727 1937 ineunte
795 1867 1048 1937 saeculo
1110 1873 1339 1957 quinto
1399 1893 1659 1957 prorsus
1713 1872 2002 1967 integros
2061 1870 2379 1936 exstitisse
2419 1869 2561 1947 luce

293 1977 527 2045 clarius
569 1979 874 2075 apparet,
934 1978 1028 2051 ita
1074 1977 1340 2071 propter
1383 1977 1719 2063 utriusque
1763 1976 2108 2054 imitatoris
2166 1974 2572 2060 diligentiam

294 2104 554 2173 sperare
599 2088 954 2167 possumne,
978 2081 1140 2157 fore
1186 2084 1260 2146 ut
1290 2082 1370 2151 111
1401 2082 1657 2178 scriptis
1687 2080 1957 2147 Sallusti
1983 2081 2333 2148 secundum
2364 2082 2571 2151 artem

284 2180 589 2256 criticam
647 2187 1050 2261 recensendis
1091 2184 1168 2250 L.
1216 2185 1516 2273 Septimii
1571 2189 1636 2252 et
1680 2186 1950 2272 Sulpicii
1993 2186 2213 2255 Severi
2265 2209 2386 2273 ope
2432 2186 2574 2255 uta·

295 2313 441 2357 mur
481 2295 679 2385 atque
723 2292 985 2371 auxilio.
1076 2289 1260 2367 Quod
1305 2292 1563 2377 quidem
1607 2293 1702 2356 ita
1732 2292 1875 2360 fieri
1904 2313 2037 2357 non
2059 2292 2230 2369 licet,
2277 2293 2351 2354 ut
2376 2291 2573 2357 verba

286 2376 562 2463 Sallusti
626 2396 751 2462 fide
817 2418 891 2462 ac
955 2418 1270 2461 consensu
1329 2396 1623 2461 codicum
1680 2398 1835 2461 satis
1880 2398 2160 2475 munita,
2228 2395 2571 2467 dummodo

286 2507 566 2601 propter
613 2524 893 2571 sensum
959 2505 1031 2572 et
1093 2523 1282 2583 11811111
1358 2502 1611 2571 dicendi
1676 2502 2008 2587 scriptoris
2072 2501 2223 2581 ferri
2299 2502 2571 2587 possint,

290 2610 555 2687 illorum
599 2609 807 2694 gratia
850 2609 1222 2685 mutentur,;
1268 2607 1334 2673 id
1377 2609 1635 2684 tantum
1678 2607 1843 2672 lucri
1884 2607 2175 2688 facimuS,
2222 2612 2297 2673 ut
2339 2608 2573 2692 quibus

292 2715 455 2780 locis
495 2717 817 2801 scriptura
859 2715 1177 2791 librorum
1198 2715 1793 2811 manuscriptorum
1822 2735 2011 2779 sensu
2042 2736 2303 2799 prorsus
2334 2714 2570 2791 careat,

295 2820 389 2885 ibi
436 2842 515 2883 ex
556 2820 994 2885 imitatoribus
1038 2841 1252 2885 veram
1296 2820 1638 2885 restituere
1688 2840 2022 2897 conemur,
2084 2820 2229 2898 aut,
2295 2820 2351 2883 si
2395 2818 2574 2883 varia

295 2927 366 3003 in
428 2923 750 2989 codicibus
809 2925 1051 2998 tradita
1105 2925 1274 3003 sint,
1349 2946 1491 2990 eam
1561 2926 1870 3011 eligamus
1934 2925 2309 3006 lectionem,
2379 2945 2573 3010 quam

284 3017 613 3115 'Septimio
668 3031 746 3099 ,et
788 3027 1021 3094 Severo
1085 3029 1337 3094 collatis
1400 3040 1618 3095 veram
1678 3028 1944 3095 Sallusti
2007 3051 2271 3095 manum
2334 3028 2572 3097 habere

291 3134 664 3215 debeamus,
711 3136 825 3196 aut
870 3134 924 3196 si
968 3133 1121 3221 quid
1166 3133 1549 3209 insolentius
1595 3136 1677 3199 ab
1723 3157 1797 3203 eo
1829 3135 2069 3209 dictum
2098 3155 2232 3199 esse
2260 3133 2570 3214 videatur,

290 3239 362 3326 id
420 3238 693 3327 propter
756 3237 991 3313 similia
1032 3238 1434 3306 imitatorum
1480 3239 1859 3309 defendatur
1903 3242 2099 3333 atque
2145 3239 2562 3351 confirmetur

291 3343 420 3437 Sed
462 3343 865 3415 transeamus
901 3342 1036 3426 jam
1083 3341 1162 3406 ad
1204 3343 1480 3428 singula.

468 3447 567 3514 Ac
611 3449 899 3546 primum
943 3447 1200 3532 quidem
1242 3448 1417 3516 locos
1453 3449 1709 3535 aliquot
1750 3427 2092 3519 tractaturi
2150 3454 2574 3542 811111118,11111

295 3554 375 3618 ad
420 3575 526 3618 eos
568 3555 743 3639 ipsos
787 3552 1061 3618 redeunt
1102 3553 1323 3632 libros,
1369 3553 1760 3629 Vaticanum
1806 3580 1870 3623 n.
1898 3560 2070 3626 3864
2115 3532 2179 3626 et
2214 3559 2575 3640 Parisinum

292 3679 363 3723 n.
411 3656 556 3734 500,
615 3657 693 3724 de
754 3656 987 3741 quibus
1048 3659 1360 3733 acerrima
1418 3661 1702 3726 virorum
1761 3662 2098 3733 doctorum
2142 3648 2576 3730 controversia

295 3759 505 3826 adhuc
563 3760 849 3850 nondum
918 3763 1266 3846 dijudicata
1318 3767 1440 3843 est.
1531 3762 1708 3840 Quae
1761 3786 1912 3837 cum
1969 3769 2065 3835 ita
2125 3768 2291 3847 sint,
2357 3771 2575 3834 utrum

294 3841 651 3949 sequendus
711 3867 796 3930 sit
837 3864 1198 3948 Jofflauns,
1265 3869 1377 3953 qui
1440 3870 1511 3934 in
1555 3869 1816 3935 Hermis
1873 3872 1997 3937 vol.
2043 3873 2078 3940 I
2120 3896 2182 3959 p.
2234 3874 2577 3940 229—240

295 3968 471 4036 Vum
515 3971 964 4056 antiquissimo
1003 3973 1140 4057 jam
1183 3974 1477 4058 ternppxc
1515 3975 1987 4060 ,interpolatum
2031 4000 2232 4063 eaque
2280 3980 2357 4046 de
2388 4000 2575 4045 causa

296 4075 595 4141 omnibus
638 4076 819 4155 locis,
861 4077 1094 4161 quibus
1125 4076 1262 4143 Vus
1292 4080 1357 4142 et
1387 4077 1519 4142 Pu‘s
1550 4073 1933 4166 discrepent,
1980 4082 2273 4149 Parisino
2317 4082 2579 4168 postha-

292 4179 574 4247 bendum
622 4198 769 4254 esse
815 4180 1111 4259 censuit,
1154 4203 1248 4256 an
1286 4180 1727 4257 ‘Weiaiholdus
1760 4187 1838 4253 set
1879 4184 2222 4265 chkius,
2255 4185 2394 4269 <qni
2440 4206 2578 4250 sen-

289 4284 566 4359 tentiam
590 4282 635 4350 J
637 4284 860 4359 ondani
898 4284 1249 4358 novissimo
1291 4286 1580 4370 tempore
1619 4285 1759 4361 fene
1797 4289 1993 4361 simul
2030 4289 2577 4374 impugnaverunt

285 4389 356 4452 et
396 4385 802 4481 ⁴Vaticanum
863 4386 1349 4474 praeferendum
1412 4410 1548 4456 esse
1615 4393 2002 4465 statuerunt,
2033 4392 2177 4476 ,(1118
2238 4392 2318 4466 ,in
2383 4395 2552 4466 fletis
