<?xml version="1.0" encoding="UTF-8"?>
<!DOCTYPE html PUBLIC "-//W3C//DTD XHTML 1.0 Transitional//EN"
    "http://www.w3.org/TR/xhtml1/DTD/xhtml1-transitional.dtd">
<html xmlns="http://www.w3.org/1999/xhtml" xml:lang="en" lang="en">
 <head>
  <title>
</title>
<meta http-equiv="Content-Type" content="text/html;charset=utf-8" />
  <meta name='ocr-system' content='tesseract 3.04.00' />
  <meta name='ocr-capabilities' content='ocr_page ocr_carea ocr_par ocr_line ocrx_word'/>
</head>
<body>
  <div class='ocr_page' id='page_1' title='image "./quaestionessall01pratgoog_0011.png"; bbox 0 0 3000 4792; ppageno 0'>
   <div class='ocr_carea' id='block_1_1' title="bbox 1530 244 1571 309">
    <p class='ocr_par' dir='ltr' id='par_1_1' title="bbox 1530 244 1571 309">
     <span class='ocr_line' id='line_1_1' title="bbox 1530 244 1571 309; baseline 0 0"><span class='ocrx_word' id='word_1_1' title='bbox 1530 244 1571 309; x_wconf 91' lang='lat'><strong>&#39;7</strong></span> 
     </span>
    </p>
   </div>
   <div class='ocr_carea' id='block_1_2' title="bbox 395 415 2706 1342">
    <p class='ocr_par' dir='ltr' id='par_1_2' title="bbox 395 415 2706 1342">
     <span class='ocr_line' id='line_1_2' title="bbox 395 415 2706 511; baseline 0.001 -32"><span class='ocrx_word' id='word_1_2' title='bbox 395 434 531 495; x_wconf 87' lang='lat' dir='ltr'><strong>res,</strong></span> <span class='ocrx_word' id='word_1_3' title='bbox 595 437 831 481; x_wconf 89' lang='lat' dir='ltr'><strong>nomen</strong></span> <span class='ocrx_word' id='word_1_4' title='bbox 873 415 926 492; x_wconf 83' lang='lat' dir='ltr'><strong>Q</strong></span> <span class='ocrx_word' id='word_1_5' title='bbox 971 415 1225 495; x_wconf 80' lang='lat' dir='ltr'><strong>Aradii,</strong></span> <span class='ocrx_word' id='word_1_6' title='bbox 1285 416 1390 481; x_wconf 90' lang='lat' dir='ltr'><strong>cui</strong></span> <span class='ocrx_word' id='word_1_7' title='bbox 1448 418 1723 503; x_wconf 89' lang='lat' dir='ltr'><strong>epistola</strong></span> <span class='ocrx_word' id='word_1_8' title='bbox 1765 419 2074 505; x_wconf 89' lang='lat' dir='ltr'><strong>inscripta</strong></span> <span class='ocrx_word' id='word_1_9' title='bbox 2120 420 2234 499; x_wconf 88' lang='lat' dir='ltr'><strong>est,</strong></span> <span class='ocrx_word' id='word_1_10' title='bbox 2298 420 2365 483; x_wconf 91' lang='lat' dir='ltr'><strong>et</strong></span> <span class='ocrx_word' id='word_1_11' title='bbox 2406 415 2706 511; x_wconf 50' lang='lat' dir='ltr'><strong>dicendi,</strong></span> 
     </span>
     <span class='ocr_line' id='line_1_3' title="bbox 399 522 2667 609; baseline -0 -21"><span class='ocrx_word' id='word_1_12' title='bbox 399 546 526 609; x_wconf 89' lang='lat' dir='ltr'><strong>quo</strong></span> <span class='ocrx_word' id='word_1_13' title='bbox 591 525 867 609; x_wconf 75' lang='lat' dir='ltr'><strong>scriptor</strong></span> <span class='ocrx_word' id='word_1_14' title='bbox 934 525 1138 587; x_wconf 86' lang='lat' dir='ltr'><strong>utitur</strong></span> <span class='ocrx_word' id='word_1_15' title='bbox 1199 544 1422 609; x_wconf 85' lang='lat' dir='ltr'><strong>genus.</strong></span> <span class='ocrx_word' id='word_1_16' title='bbox 1533 523 1803 589; x_wconf 84' lang='lat' dir='ltr'>Aradios</span> <span class='ocrx_word' id='word_1_17' title='bbox 1868 525 2124 608; x_wconf 89' lang='lat' dir='ltr'><strong>quidem</strong></span> <span class='ocrx_word' id='word_1_18' title='bbox 2186 524 2345 588; x_wconf 89' lang='lat' dir='ltr'><strong>duos</strong></span> <span class='ocrx_word' id='word_1_19' title='bbox 2411 522 2667 588; x_wconf 86' lang='lat' dir='ltr'><strong>saeculo</strong></span> 
     </span>
     <span class='ocr_line' id='line_1_4' title="bbox 399 626 2675 714; baseline -0.001 -23"><span class='ocrx_word' id='word_1_20' title='bbox 399 630 627 711; x_wconf 82' lang='lat' dir='ltr'><strong>quarto</strong></span> <span class='ocrx_word' id='word_1_21' title='bbox 686 629 879 693; x_wconf 77' lang='lat' dir='ltr'><strong>fuisse</strong></span> <span class='ocrx_word' id='word_1_22' title='bbox 926 628 1174 694; x_wconf 88' lang='lat' dir='ltr'><strong>Teuffel</strong></span> <span class='ocrx_word' id='word_1_23' title='bbox 1234 629 1304 692; x_wconf 89' lang='lat' dir='ltr'><strong>in</strong></span> <span class='ocrx_word' id='word_1_24' title='bbox 1367 629 1594 692; x_wconf 78' lang='lat' dir='ltr'><strong>histor.</strong></span> <span class='ocrx_word' id='word_1_25' title='bbox 1657 629 1785 693; x_wconf 88' lang='lat' dir='ltr'><strong>litt.</strong></span> <span class='ocrx_word' id='word_1_26' title='bbox 1848 651 2010 693; x_wconf 89' lang='lat' dir='ltr'><strong>rom.</strong></span> <span class='ocrx_word' id='word_1_27' title='bbox 2077 651 2139 714; x_wconf 94' lang='lat' dir='ltr'><strong>p.</strong></span> <span class='ocrx_word' id='word_1_28' title='bbox 2202 628 2327 692; x_wconf 84' lang='lat'><strong>957</strong></span> <span class='ocrx_word' id='word_1_29' title='bbox 2393 626 2675 691; x_wconf 90' lang='lat' dir='ltr'><strong>ostendit</strong></span> 
     </span>
     <span class='ocr_line' id='line_1_5' title="bbox 399 733 2674 818; baseline -0.001 -21"><span class='ocrx_word' id='word_1_30' title='bbox 399 755 606 817; x_wconf 91' lang='lat' dir='ltr'><strong>neque</strong></span> <span class='ocrx_word' id='word_1_31' title='bbox 659 736 881 799; x_wconf 91' lang='lat' dir='ltr'><strong>tamen</strong></span> <span class='ocrx_word' id='word_1_32' title='bbox 942 735 1021 799; x_wconf 89' lang='lat' dir='ltr'><strong>ad</strong></span> <span class='ocrx_word' id='word_1_33' title='bbox 1066 735 1340 798; x_wconf 90' lang='lat' dir='ltr'><strong>alterum</strong></span> <span class='ocrx_word' id='word_1_34' title='bbox 1386 755 1611 798; x_wconf 91' lang='lat' dir='ltr'><strong>eorum</strong></span> <span class='ocrx_word' id='word_1_35' title='bbox 1657 735 1999 818; x_wconf 89' lang='lat' dir='ltr'><strong>epistolam</strong></span> <span class='ocrx_word' id='word_1_36' title='bbox 2054 733 2233 797; x_wconf 89' lang='lat' dir='ltr'><strong>illam</strong></span> <span class='ocrx_word' id='word_1_37' title='bbox 2279 733 2493 796; x_wconf 90' lang='lat' dir='ltr'><strong>datam</strong></span> <span class='ocrx_word' id='word_1_38' title='bbox 2538 752 2674 795; x_wconf 91' lang='lat' dir='ltr'><strong>esse</strong></span> 
     </span>
     <span class='ocr_line' id='line_1_6' title="bbox 397 837 2672 922; baseline -0.002 -21"><span class='ocrx_word' id='word_1_39' title='bbox 397 838 879 905; x_wconf 88' lang='lat' dir='ltr'><strong>demonstravit.</strong></span> <span class='ocrx_word' id='word_1_40' title='bbox 991 838 1166 915; x_wconf 84' lang='lat' dir='ltr'>Quae</span> <span class='ocrx_word' id='word_1_41' title='bbox 1230 861 1374 904; x_wconf 89' lang='lat' dir='ltr'><strong>cum</strong></span> <span class='ocrx_word' id='word_1_42' title='bbox 1438 840 1534 904; x_wconf 87' lang='lat' dir='ltr'><strong>ita</strong></span> <span class='ocrx_word' id='word_1_43' title='bbox 1593 840 1753 918; x_wconf 82' lang='lat' dir='ltr'><strong>sint,</strong></span> <span class='ocrx_word' id='word_1_44' title='bbox 1835 839 1996 904; x_wconf 87' lang='lat' dir='ltr'><strong>mihi</strong></span> <span class='ocrx_word' id='word_1_45' title='bbox 2073 837 2330 922; x_wconf 81' lang='lat' dir='ltr'><strong>quidem</strong></span> <span class='ocrx_word' id='word_1_46' title='bbox 2396 837 2465 900; x_wconf 90' lang='lat' dir='ltr'><strong>in</strong></span> <span class='ocrx_word' id='word_1_47' title='bbox 2531 837 2672 899; x_wconf 89' lang='lat' dir='ltr'><strong>tota</strong></span> 
     </span>
     <span class='ocr_line' id='line_1_7' title="bbox 399 942 2674 1030; baseline 0 -25"><span class='ocrx_word' id='word_1_48' title='bbox 399 943 770 1025; x_wconf 78' lang='lat' dir='ltr'><strong>quaestione</strong></span> <span class='ocrx_word' id='word_1_49' title='bbox 811 943 1218 1028; x_wconf 88' lang='lat' dir='ltr'><strong>dijudicanda</strong></span> <span class='ocrx_word' id='word_1_50' title='bbox 1261 966 1295 1010; x_wconf 95' lang='lat' dir='ltr'><strong>e</strong></span> <span class='ocrx_word' id='word_1_51' title='bbox 1327 965 1617 1009; x_wconf 83' lang='lat' dir='ltr'>sermone</span> <span class='ocrx_word' id='word_1_52' title='bbox 1640 944 1938 1030; x_wconf 89' lang='lat' dir='ltr'><strong>Septimii</strong></span> <span class='ocrx_word' id='word_1_53' title='bbox 1969 942 2502 1029; x_wconf 88' lang='lat' dir='ltr'><strong>proficiscendum</strong></span> <span class='ocrx_word' id='word_1_54' title='bbox 2539 959 2674 1005; x_wconf 89' lang='lat' dir='ltr'><strong>esse</strong></span> 
     </span>
     <span class='ocr_line' id='line_1_8' title="bbox 396 1045 2669 1134; baseline -0.001 -25"><span class='ocrx_word' id='word_1_55' title='bbox 396 1046 667 1110; x_wconf 83' lang='lat' dir='ltr'><strong>videtur.</strong></span> <span class='ocrx_word' id='word_1_56' title='bbox 759 1045 883 1122; x_wconf 84' lang='lat' dir='ltr'><strong>Qui</strong></span> <span class='ocrx_word' id='word_1_57' title='bbox 939 1069 1175 1126; x_wconf 90' lang='lat' dir='ltr'><strong>serm0‚</strong></span> <span class='ocrx_word' id='word_1_58' title='bbox 1243 1071 1277 1113; x_wconf 93' lang='lat' dir='ltr'><strong>e</strong></span> <span class='ocrx_word' id='word_1_59' title='bbox 1336 1049 1588 1113; x_wconf 90' lang='lat' dir='ltr'><strong>dicendi</strong></span> <span class='ocrx_word' id='word_1_60' title='bbox 1634 1049 1980 1134; x_wconf 87' lang='lat' dir='ltr'><strong>generibus</strong></span> <span class='ocrx_word' id='word_1_61' title='bbox 2026 1069 2172 1112; x_wconf 90' lang='lat' dir='ltr'><strong>cum</strong></span> <span class='ocrx_word' id='word_1_62' title='bbox 2216 1047 2490 1110; x_wconf 88' lang='lat' dir='ltr'><strong>aliorum</strong></span> <span class='ocrx_word' id='word_1_63' title='bbox 2533 1046 2669 1108; x_wconf 91' lang='lat' dir='ltr'><strong>tum</strong></span> 
     </span>
     <span class='ocr_line' id='line_1_9' title="bbox 397 1148 2674 1236; baseline -0.001 -22"><span class='ocrx_word' id='word_1_64' title='bbox 397 1148 663 1216; x_wconf 74' lang='lat' dir='ltr'><strong>Sallusti</strong></span> <span class='ocrx_word' id='word_1_65' title='bbox 707 1152 1061 1230; x_wconf 79' lang='lat' dir='ltr'><strong>confusum,</strong></span> <span class='ocrx_word' id='word_1_66' title='bbox 1108 1173 1496 1236; x_wconf 91' lang='lat' dir='ltr'><strong>quamquam</strong></span> <span class='ocrx_word' id='word_1_67' title='bbox 1542 1174 1672 1217; x_wconf 90' lang='lat' dir='ltr'><strong>non</strong></span> <span class='ocrx_word' id='word_1_68' title='bbox 1714 1156 1889 1217; x_wconf 89' lang='lat' dir='ltr'><strong>caret</strong></span> <span class='ocrx_word' id='word_1_69' title='bbox 1917 1154 1995 1217; x_wconf 88' lang='lat' dir='ltr'><strong>iis</strong></span> <span class='ocrx_word' id='word_1_70' title='bbox 2040 1173 2203 1236; x_wconf 91' lang='lat' dir='ltr'><strong>quae</strong></span> <span class='ocrx_word' id='word_1_71' title='bbox 2251 1149 2674 1235; x_wconf 84' lang='lat' dir='ltr'><strong>scriptoribus</strong></span> 
     </span>
     <span class='ocr_line' id='line_1_10' title="bbox 397 1256 2674 1342; baseline -0.002 -22"><span class='ocrx_word' id='word_1_72' title='bbox 397 1259 627 1338; x_wconf 88' lang='lat' dir='ltr'><strong>quarto</strong></span> <span class='ocrx_word' id='word_1_73' title='bbox 673 1258 774 1322; x_wconf 87' lang='lat' dir='ltr'><strong>vel</strong></span> <span class='ocrx_word' id='word_1_74' title='bbox 820 1259 1047 1342; x_wconf 88' lang='lat' dir='ltr'><strong>quinto</strong></span> <span class='ocrx_word' id='word_1_75' title='bbox 1090 1258 1340 1323; x_wconf 87' lang='lat' dir='ltr'><strong>saeculo</strong></span> <span class='ocrx_word' id='word_1_76' title='bbox 1385 1258 1764 1323; x_wconf 88' lang='lat' dir='ltr'><strong>florentibus</strong></span> <span class='ocrx_word' id='word_1_77' title='bbox 1809 1260 1960 1321; x_wconf 89' lang='lat' dir='ltr'><strong>sunt</strong></span> <span class='ocrx_word' id='word_1_78' title='bbox 2011 1256 2355 1322; x_wconf 87' lang='lat' dir='ltr'><strong>familiaria</strong></span> <span class='ocrx_word' id='word_1_79' title='bbox 2379 1303 2394 1333; x_wconf 84' lang='lat'>‚</span> <span class='ocrx_word' id='word_1_80' title='bbox 2456 1257 2674 1331; x_wconf 87' lang='lat' dir='ltr'><strong>tamen</strong></span> 
     </span>
    </p>
   </div>
   <div class='ocr_carea' id='block_1_3' title="bbox 280 1358 2675 1453">
    <p class='ocr_par' dir='ltr' id='par_1_3' title="bbox 280 1358 2675 1453">
     <span class='ocr_line' id='line_1_11' title="bbox 280 1358 2675 1453; baseline -0.001 -30"><span class='ocrx_word' id='word_1_81' title='bbox 280 1389 288 1394; x_wconf 95' lang='lat'><strong>·</strong></span> <span class='ocrx_word' id='word_1_82' title='bbox 398 1381 540 1423; x_wconf 90' lang='lat' dir='ltr'><strong>mea</strong></span> <span class='ocrx_word' id='word_1_83' title='bbox 583 1362 840 1444; x_wconf 88' lang='lat' dir='ltr'><strong>quidem</strong></span> <span class='ocrx_word' id='word_1_84' title='bbox 885 1363 1234 1439; x_wconf 88' lang='lat' dir='ltr'><strong>sententia,</strong></span> <span class='ocrx_word' id='word_1_85' title='bbox 1292 1384 1486 1446; x_wconf 91' lang='lat' dir='ltr'><strong>quam</strong></span> <span class='ocrx_word' id='word_1_86' title='bbox 1529 1383 1612 1427; x_wconf 90' lang='lat' dir='ltr'><strong>ne</strong></span> <span class='ocrx_word' id='word_1_87' title='bbox 1658 1363 1819 1427; x_wconf 89' lang='lat' dir='ltr'><strong>fines</strong></span> <span class='ocrx_word' id='word_1_88' title='bbox 1863 1361 2013 1426; x_wconf 89' lang='lat' dir='ltr'><strong>huic</strong></span> <span class='ocrx_word' id='word_1_89' title='bbox 2057 1358 2479 1453; x_wconf 81' lang='lat' dir='ltr'><strong>disputationi</strong></span> <span class='ocrx_word' id='word_1_90' title='bbox 2522 1378 2675 1422; x_wconf 89' lang='lat' dir='ltr'><strong>con-</strong></span> 
     </span>
    </p>
   </div>
   <div class='ocr_carea' id='block_1_4' title="bbox 398 1464 2681 4064">
    <p class='ocr_par' dir='ltr' id='par_1_4' title="bbox 398 1464 2677 1864">
     <span class='ocr_line' id='line_1_12' title="bbox 398 1464 2672 1552; baseline -0 -26"><span class='ocrx_word' id='word_1_91' title='bbox 398 1464 665 1527; x_wconf 88' lang='lat' dir='ltr'><strong>stitutos</strong></span> <span class='ocrx_word' id='word_1_92' title='bbox 707 1465 995 1549; x_wconf 84' lang='lat' dir='ltr'><strong>egrediar</strong></span> <span class='ocrx_word' id='word_1_93' title='bbox 1039 1487 1172 1530; x_wconf 90' lang='lat' dir='ltr'><strong>non</strong></span> <span class='ocrx_word' id='word_1_94' title='bbox 1218 1467 1471 1550; x_wconf 87' lang='lat' dir='ltr'><strong>plenius</strong></span> <span class='ocrx_word' id='word_1_95' title='bbox 1508 1487 1843 1552; x_wconf 87' lang='lat' dir='ltr'><strong>exponam,</strong></span> <span class='ocrx_word' id='word_1_96' title='bbox 1893 1488 2028 1532; x_wconf 88' lang='lat' dir='ltr'><strong>non</strong></span> <span class='ocrx_word' id='word_1_97' title='bbox 2072 1470 2208 1529; x_wconf 90' lang='lat' dir='ltr'><strong>tam</strong></span> <span class='ocrx_word' id='word_1_98' title='bbox 2238 1467 2528 1549; x_wconf 89' lang='lat' dir='ltr'><strong>impurus</strong></span> <span class='ocrx_word' id='word_1_99' title='bbox 2555 1465 2672 1539; x_wconf 88' lang='lat' dir='ltr'><strong>est,</strong></span> 
     </span>
     <span class='ocr_line' id='line_1_13' title="bbox 402 1565 2672 1654; baseline -0 -25"><span class='ocrx_word' id='word_1_100' title='bbox 402 1572 475 1629; x_wconf 89' lang='lat' dir='ltr'><strong>ut</strong></span> <span class='ocrx_word' id='word_1_101' title='bbox 518 1589 664 1632; x_wconf 92' lang='lat' dir='ltr'><strong>cum</strong></span> <span class='ocrx_word' id='word_1_102' title='bbox 708 1568 953 1634; x_wconf 88' lang='lat' dir='ltr'><strong>Teuffel</strong></span> <span class='ocrx_word' id='word_1_103' title='bbox 993 1568 1374 1654; x_wconf 84' lang='lat' dir='ltr'><strong>Septimium</strong></span> <span class='ocrx_word' id='word_1_104' title='bbox 1410 1570 1757 1636; x_wconf 86' lang='lat' dir='ltr'><strong>Theodosii</strong></span> <span class='ocrx_word' id='word_1_105' title='bbox 1801 1571 2058 1635; x_wconf 90' lang='lat' dir='ltr'><strong>demum</strong></span> <span class='ocrx_word' id='word_1_106' title='bbox 2102 1568 2432 1654; x_wconf 89' lang='lat' dir='ltr'><strong>aequalem</strong></span> <span class='ocrx_word' id='word_1_107' title='bbox 2476 1565 2672 1630; x_wconf 84' lang='lat' dir='ltr'><strong>fuisse</strong></span> 
     </span>
     <span class='ocr_line' id='line_1_14' title="bbox 399 1671 2677 1741; baseline 0 -6"><span class='ocrx_word' id='word_1_108' title='bbox 399 1674 672 1737; x_wconf 89' lang='lat' dir='ltr'><strong>credam.</strong></span> <span class='ocrx_word' id='word_1_109' title='bbox 770 1674 1053 1739; x_wconf 87' lang='lat' dir='ltr'><strong>Exeunti</strong></span> <span class='ocrx_word' id='word_1_110' title='bbox 1111 1677 1326 1740; x_wconf 89' lang='lat' dir='ltr'><strong>autem</strong></span> <span class='ocrx_word' id='word_1_111' title='bbox 1384 1676 1661 1740; x_wconf 88' lang='lat' dir='ltr'><strong>secundo</strong></span> <span class='ocrx_word' id='word_1_112' title='bbox 1705 1675 1809 1741; x_wconf 87' lang='lat' dir='ltr'><strong>vel</strong></span> <span class='ocrx_word' id='word_1_113' title='bbox 1867 1676 2121 1740; x_wconf 90' lang='lat' dir='ltr'><strong>ineunti</strong></span> <span class='ocrx_word' id='word_1_114' title='bbox 2173 1675 2367 1739; x_wconf 91' lang='lat' dir='ltr'><strong>tertio</strong></span> <span class='ocrx_word' id='word_1_115' title='bbox 2426 1671 2677 1737; x_wconf 89' lang='lat' dir='ltr'><strong>saeculo</strong></span> 
     </span>
     <span class='ocr_line' id='line_1_15' title="bbox 398 1778 2082 1864; baseline 0.001 -24"><span class='ocrx_word' id='word_1_116' title='bbox 398 1778 600 1845; x_wconf 87' lang='lat' dir='ltr'><strong>tribui</strong></span> <span class='ocrx_word' id='word_1_117' title='bbox 646 1801 793 1844; x_wconf 91' lang='lat' dir='ltr'><strong>eum</strong></span> <span class='ocrx_word' id='word_1_118' title='bbox 838 1779 1193 1845; x_wconf 88' lang='lat' dir='ltr'><strong>maluerim.</strong></span> <span class='ocrx_word' id='word_1_119' title='bbox 1284 1778 1501 1864; x_wconf 88' lang='lat' dir='ltr'><strong>Atque</strong></span> <span class='ocrx_word' id='word_1_120' title='bbox 1548 1781 1708 1846; x_wconf 91' lang='lat' dir='ltr'><strong>haec</strong></span> <span class='ocrx_word' id='word_1_121' title='bbox 1752 1779 2082 1845; x_wconf 78' lang='lat' dir='ltr'><strong>hactenus,</strong></span> 
     </span>
    </p>

    <p class='ocr_par' dir='ltr' id='par_1_5' title="bbox 398 1880 2681 3224">
     <span class='ocr_line' id='line_1_16' title="bbox 570 1880 2675 1970; baseline -0.001 -22"><span class='ocrx_word' id='word_1_122' title='bbox 570 1882 796 1968; x_wconf 89' lang='lat' dir='ltr'><strong>Neque</strong></span> <span class='ocrx_word' id='word_1_123' title='bbox 857 1884 1068 1949; x_wconf 90' lang='lat' dir='ltr'><strong>minus</strong></span> <span class='ocrx_word' id='word_1_124' title='bbox 1113 1885 1457 1970; x_wconf 83' lang='lat' dir='ltr'><strong>scriptores</strong></span> <span class='ocrx_word' id='word_1_125' title='bbox 1516 1885 1935 1950; x_wconf 88' lang='lat' dir='ltr'><strong>ecclesiastici</strong></span> <span class='ocrx_word' id='word_1_126' title='bbox 1979 1882 2355 1949; x_wconf 89' lang='lat' dir='ltr'><strong>Sallustium</strong></span> <span class='ocrx_word' id='word_1_127' title='bbox 2399 1880 2675 1967; x_wconf 85' lang='lat' dir='ltr'><strong>amplexi</strong></span> 
     </span>
     <span class='ocr_line' id='line_1_17' title="bbox 398 1987 2675 2074; baseline 0 -23"><span class='ocrx_word' id='word_1_128' title='bbox 398 2007 711 2072; x_wconf 90' lang='lat' dir='ltr'><strong>usumque</strong></span> <span class='ocrx_word' id='word_1_129' title='bbox 766 1989 903 2073; x_wconf 90' lang='lat' dir='ltr'><strong>ejus</strong></span> <span class='ocrx_word' id='word_1_130' title='bbox 959 1990 1212 2054; x_wconf 88' lang='lat' dir='ltr'><strong>dicendi</strong></span> <span class='ocrx_word' id='word_1_131' title='bbox 1255 1991 1493 2054; x_wconf 90' lang='lat' dir='ltr'><strong>imitati</strong></span> <span class='ocrx_word' id='word_1_132' title='bbox 1533 1992 1703 2055; x_wconf 89' lang='lat' dir='ltr'><strong>sunt.</strong></span> <span class='ocrx_word' id='word_1_133' title='bbox 1793 1987 1918 2055; x_wconf 85' lang='lat' dir='ltr'><strong>Sed</strong></span> <span class='ocrx_word' id='word_1_134' title='bbox 1961 1988 2231 2074; x_wconf 89' lang='lat' dir='ltr'><strong>longum</strong></span> <span class='ocrx_word' id='word_1_135' title='bbox 2277 1988 2375 2052; x_wconf 87' lang='lat' dir='ltr'><strong>est</strong></span> <span class='ocrx_word' id='word_1_136' title='bbox 2417 1988 2513 2051; x_wconf 90' lang='lat' dir='ltr'><strong>ire</strong></span> <span class='ocrx_word' id='word_1_137' title='bbox 2558 2007 2675 2073; x_wconf 91' lang='lat' dir='ltr'><strong>per</strong></span> 
     </span>
     <span class='ocr_line' id='line_1_18' title="bbox 400 2090 2677 2176; baseline 0 -23"><span class='ocrx_word' id='word_1_138' title='bbox 400 2091 681 2175; x_wconf 82' lang='lat' dir='ltr'><strong>singula3</strong></span> <span class='ocrx_word' id='word_1_139' title='bbox 765 2092 890 2157; x_wconf 91' lang='lat' dir='ltr'><strong>hoc</strong></span> <span class='ocrx_word' id='word_1_140' title='bbox 966 2115 1166 2157; x_wconf 90' lang='lat' dir='ltr'><strong>unum</strong></span> <span class='ocrx_word' id='word_1_141' title='bbox 1230 2094 1907 2172; x_wconf 77' lang='lat' dir='ltr'><strong>commemorabimuS‚</strong></span> <span class='ocrx_word' id='word_1_142' title='bbox 1975 2095 2043 2158; x_wconf 90' lang='lat' dir='ltr'><strong>in</strong></span> <span class='ocrx_word' id='word_1_143' title='bbox 2111 2092 2368 2176; x_wconf 86' lang='lat' dir='ltr'><strong>scriptis</strong></span> <span class='ocrx_word' id='word_1_144' title='bbox 2426 2090 2677 2156; x_wconf 84' lang='lat' dir='ltr'><strong>Aurelii</strong></span> 
     </span>
     <span class='ocr_line' id='line_1_19' title="bbox 400 2195 2676 2282; baseline 0 -22"><span class='ocrx_word' id='word_1_145' title='bbox 400 2195 754 2282; x_wconf 85' lang='lat' dir='ltr'><strong>Augustini</strong></span> <span class='ocrx_word' id='word_1_146' title='bbox 814 2201 880 2263; x_wconf 92' lang='lat' dir='ltr'><strong>et</strong></span> <span class='ocrx_word' id='word_1_147' title='bbox 938 2201 1040 2264; x_wconf 87' lang='lat' dir='ltr'><strong>vel</strong></span> <span class='ocrx_word' id='word_1_148' title='bbox 1098 2201 1372 2264; x_wconf 87' lang='lat' dir='ltr'><strong>maxime</strong></span> <span class='ocrx_word' id='word_1_149' title='bbox 1432 2201 1501 2265; x_wconf 89' lang='lat' dir='ltr'><strong>in</strong></span> <span class='ocrx_word' id='word_1_150' title='bbox 1560 2201 1742 2265; x_wconf 85' lang='lat' dir='ltr'><strong>libris</strong></span> <span class='ocrx_word' id='word_1_151' title='bbox 1805 2201 1883 2265; x_wconf 92' lang='lat' dir='ltr'><strong>de</strong></span> <span class='ocrx_word' id='word_1_152' title='bbox 1941 2199 2202 2264; x_wconf 87' lang='lat' dir='ltr'><strong>civitate</strong></span> <span class='ocrx_word' id='word_1_153' title='bbox 2249 2198 2371 2262; x_wconf 88' lang='lat' dir='ltr'><strong>Dei</strong></span> <span class='ocrx_word' id='word_1_154' title='bbox 2440 2197 2676 2262; x_wconf 90' lang='lat' dir='ltr'><strong>multos</strong></span> 
     </span>
     <span class='ocr_line' id='line_1_20' title="bbox 400 2301 2674 2393; baseline -0 -27"><span class='ocrx_word' id='word_1_155' title='bbox 400 2304 574 2368; x_wconf 89' lang='lat' dir='ltr'><strong>locos</strong></span> <span class='ocrx_word' id='word_1_156' title='bbox 619 2302 1039 2369; x_wconf 88' lang='lat' dir='ltr'><strong>Sallustianos</strong></span> <span class='ocrx_word' id='word_1_157' title='bbox 1100 2306 1394 2371; x_wconf 84' lang='lat' dir='ltr'><strong>laudatos</strong></span> <span class='ocrx_word' id='word_1_158' title='bbox 1457 2328 1591 2371; x_wconf 91' lang='lat' dir='ltr'><strong>esse</strong></span> <span class='ocrx_word' id='word_1_159' title='bbox 1641 2305 1784 2393; x_wconf 87' lang='lat' dir='ltr'><strong>(cfr.</strong></span> <span class='ocrx_word' id='word_1_160' title='bbox 1825 2305 1859 2370; x_wconf 94' lang='grc' dir='ltr'><strong>Ι</strong></span> <span class='ocrx_word' id='word_1_161' title='bbox 1905 2306 1965 2370; x_wconf 86' lang='grc'><strong>5.</strong></span> <span class='ocrx_word' id='word_1_162' title='bbox 2007 2304 2074 2369; x_wconf 93' lang='lat' dir='ltr'><strong>II</strong></span> <span class='ocrx_word' id='word_1_163' title='bbox 2122 2306 2223 2368; x_wconf 85' lang='lat'><strong>21.</strong></span> <span class='ocrx_word' id='word_1_164' title='bbox 2271 2302 2369 2368; x_wconf 93' lang='lat' dir='ltr'><strong>III</strong></span> <span class='ocrx_word' id='word_1_165' title='bbox 2422 2304 2521 2380; x_wconf 89' lang='lat'><strong>10,</strong></span> <span class='ocrx_word' id='word_1_166' title='bbox 2573 2301 2674 2384; x_wconf 86' lang='lat'><strong>14,</strong></span> 
     </span>
     <span class='ocr_line' id='line_1_21' title="bbox 404 2408 2675 2494; baseline -0 -24"><span class='ocrx_word' id='word_1_167' title='bbox 404 2408 504 2488; x_wconf 84' lang='lat'><strong>17,</strong></span> <span class='ocrx_word' id='word_1_168' title='bbox 553 2412 633 2471; x_wconf 84' lang='lat'><strong>21</strong></span> <span class='ocrx_word' id='word_1_169' title='bbox 661 2410 810 2492; x_wconf 87' lang='lat' dir='ltr'><strong>eet.)</strong></span> <span class='ocrx_word' id='word_1_170' title='bbox 859 2408 1338 2494; x_wconf 85' lang='lat' dir='ltr'><strong>Sulpiciumque</strong></span> <span class='ocrx_word' id='word_1_171' title='bbox 1369 2410 1672 2475; x_wconf 85' lang='lat' dir='ltr'><strong>Severum</strong></span> <span class='ocrx_word' id='word_1_172' title='bbox 1718 2410 2138 2494; x_wconf 87' lang='lat' dir='ltr'><strong>Aquitanum,</strong></span> <span class='ocrx_word' id='word_1_173' title='bbox 2187 2409 2367 2492; x_wconf 87' lang='lat' dir='ltr'><strong>cujus</strong></span> <span class='ocrx_word' id='word_1_174' title='bbox 2420 2409 2675 2493; x_wconf 90' lang='lat' dir='ltr'><strong>praeter</strong></span> 
     </span>
     <span class='ocr_line' id='line_1_22' title="bbox 398 2511 2681 2599; baseline -0 -24"><span class='ocrx_word' id='word_1_175' title='bbox 398 2511 599 2577; x_wconf 92' lang='lat' dir='ltr'><strong>libros</strong></span> <span class='ocrx_word' id='word_1_176' title='bbox 619 2534 657 2576; x_wconf 91' lang='lat' dir='ltr'><strong>a</strong></span> <span class='ocrx_word' id='word_1_177' title='bbox 681 2514 902 2578; x_wconf 90' lang='lat' dir='ltr'><strong>mundi</strong></span> <span class='ocrx_word' id='word_1_178' title='bbox 926 2515 1185 2578; x_wconf 86' lang='lat' dir='ltr'><strong>exordio</strong></span> <span class='ocrx_word' id='word_1_179' title='bbox 1211 2515 1368 2579; x_wconf 86' lang='lat' dir='ltr'><strong>duos</strong></span> <span class='ocrx_word' id='word_1_180' title='bbox 1396 2552 1476 2562; x_wconf 94' lang='lat'><strong>-—-</strong></span> <span class='ocrx_word' id='word_1_181' title='bbox 1502 2537 1693 2599; x_wconf 91' lang='lat' dir='ltr'><strong>quem</strong></span> <span class='ocrx_word' id='word_1_182' title='bbox 1710 2537 1931 2580; x_wconf 87' lang='lat' dir='ltr'><strong>verum</strong></span> <span class='ocrx_word' id='word_1_183' title='bbox 1955 2513 2407 2579; x_wconf 85' lang='lat' dir='ltr'><strong>chronieorum</strong></span> <span class='ocrx_word' id='word_1_184' title='bbox 2422 2512 2681 2576; x_wconf 90' lang='lat' dir='ltr'><strong>illorum</strong></span> 
     </span>
     <span class='ocr_line' id='line_1_23' title="bbox 399 2615 2678 2703; baseline 0 -26"><span class='ocrx_word' id='word_1_185' title='bbox 399 2615 661 2680; x_wconf 92' lang='lat' dir='ltr'><strong>titulum</strong></span> <span class='ocrx_word' id='word_1_186' title='bbox 721 2639 851 2681; x_wconf 84' lang='lat' dir='ltr'><strong>esse</strong></span> <span class='ocrx_word' id='word_1_187' title='bbox 895 2616 1285 2701; x_wconf 85' lang='lat' dir='ltr'><strong>Bernaysius</strong></span> <span class='ocrx_word' id='word_1_188' title='bbox 1340 2619 1407 2682; x_wconf 89' lang='lat' dir='ltr'><strong>in</strong></span> <span class='ocrx_word' id='word_1_189' title='bbox 1468 2619 1820 2703; x_wconf 83' lang='lat' dir='ltr'><strong>appendice</strong></span> <span class='ocrx_word' id='word_1_190' title='bbox 1879 2618 2335 2703; x_wconf 87' lang='lat' dir='ltr'><strong>disputationis</strong></span> <span class='ocrx_word' id='word_1_191' title='bbox 2394 2637 2543 2680; x_wconf 90' lang='lat' dir='ltr'><strong>suae</strong></span> <span class='ocrx_word' id='word_1_192' title='bbox 2596 2615 2678 2679; x_wconf 88' lang='lat' dir='ltr'><strong>de</strong></span> 
     </span>
     <span class='ocr_line' id='line_1_24' title="bbox 401 2717 2678 2807; baseline -0 -26"><span class='ocrx_word' id='word_1_193' title='bbox 401 2719 720 2785; x_wconf 88' lang='lat' dir='ltr'><strong>chronicis</strong></span> <span class='ocrx_word' id='word_1_194' title='bbox 767 2720 1036 2806; x_wconf 90' lang='lat' dir='ltr'><strong>Sulpicii</strong></span> <span class='ocrx_word' id='word_1_195' title='bbox 1081 2721 1297 2787; x_wconf 88' lang='lat' dir='ltr'><strong>Severi</strong></span> <span class='ocrx_word' id='word_1_196' title='bbox 1339 2722 1580 2807; x_wconf 88' lang='lat' dir='ltr'><strong>(Berol.</strong></span> <span class='ocrx_word' id='word_1_197' title='bbox 1630 2723 1824 2806; x_wconf 88' lang='grc'><strong>1861)</strong></span> <span class='ocrx_word' id='word_1_198' title='bbox 1871 2723 2099 2786; x_wconf 88' lang='lat' dir='ltr'><strong>statuit</strong></span> <span class='ocrx_word' id='word_1_199' title='bbox 2145 2756 2227 2768; x_wconf 90' lang='lat'><strong>—-</strong></span> <span class='ocrx_word' id='word_1_200' title='bbox 2274 2721 2406 2784; x_wconf 89' lang='lat' dir='ltr'><strong>vita</strong></span> <span class='ocrx_word' id='word_1_201' title='bbox 2452 2717 2678 2784; x_wconf 88' lang='lat' dir='ltr'><strong>Sancti</strong></span> 
     </span>
     <span class='ocr_line' id='line_1_25' title="bbox 400 2823 2676 2911; baseline -0 -23"><span class='ocrx_word' id='word_1_202' title='bbox 400 2823 700 2905; x_wconf 89' lang='lat' dir='ltr'><strong>Martini,</strong></span> <span class='ocrx_word' id='word_1_203' title='bbox 761 2826 1004 2911; x_wconf 88' lang='lat' dir='ltr'><strong>dialogi</strong></span> <span class='ocrx_word' id='word_1_204' title='bbox 1060 2829 1193 2890; x_wconf 90' lang='lat' dir='ltr'><strong>tres</strong></span> <span class='ocrx_word' id='word_1_205' title='bbox 1253 2827 1653 2911; x_wconf 84' lang='lat' dir='ltr'><strong>totidemque</strong></span> <span class='ocrx_word' id='word_1_206' title='bbox 1698 2827 2005 2911; x_wconf 89' lang='lat' dir='ltr'><strong>epistolae</strong></span> <span class='ocrx_word' id='word_1_207' title='bbox 2051 2826 2240 2890; x_wconf 88' lang='lat' dir='ltr'><strong>nobis</strong></span> <span class='ocrx_word' id='word_1_208' title='bbox 2282 2825 2676 2900; x_wconf 90' lang='lat' dir='ltr'><strong>manserunt,</strong></span> 
     </span>
     <span class='ocr_line' id='line_1_26' title="bbox 403 2929 2675 3015; baseline -0 -23"><span class='ocrx_word' id='word_1_209' title='bbox 403 2932 476 2992; x_wconf 90' lang='lat' dir='ltr'><strong>ut</strong></span> <span class='ocrx_word' id='word_1_210' title='bbox 546 2929 810 2995; x_wconf 86' lang='lat' dir='ltr'><strong>Sallusti</strong></span> <span class='ocrx_word' id='word_1_211' title='bbox 868 2930 1205 3015; x_wconf 84' lang='lat' dir='ltr'><strong>Tacitique</strong></span> <span class='ocrx_word' id='word_1_212' title='bbox 1269 2932 1592 3009; x_wconf 87' lang='lat' dir='ltr'><strong>aemulum</strong></span> <span class='ocrx_word' id='word_1_213' title='bbox 1657 2933 1815 2996; x_wconf 86' lang='lat' dir='ltr'><strong>satis</strong></span> <span class='ocrx_word' id='word_1_214' title='bbox 1874 2932 2257 2996; x_wconf 88' lang='lat' dir='ltr'><strong>innotuisse.</strong></span> <span class='ocrx_word' id='word_1_215' title='bbox 2369 2929 2675 2995; x_wconf 87' lang='lat' dir='ltr'><strong>Severum</strong></span> 
     </span>
     <span class='ocr_line' id='line_1_27' title="bbox 404 3034 2680 3121; baseline 0.002 -27"><span class='ocrx_word' id='word_1_216' title='bbox 404 3035 616 3096; x_wconf 90' lang='lat' dir='ltr'><strong>autem</strong></span> <span class='ocrx_word' id='word_1_217' title='bbox 662 3056 806 3098; x_wconf 92' lang='lat' dir='ltr'><strong>cum</strong></span> <span class='ocrx_word' id='word_1_218' title='bbox 844 3057 1030 3099; x_wconf 90' lang='lat' dir='ltr'><strong>omne</strong></span> <span class='ocrx_word' id='word_1_219' title='bbox 1078 3058 1143 3100; x_wconf 90' lang='lat' dir='ltr'><strong>se</strong></span> <span class='ocrx_word' id='word_1_220' title='bbox 1187 3038 1442 3121; x_wconf 90' lang='lat' dir='ltr'><strong>tempus</strong></span> <span class='ocrx_word' id='word_1_221' title='bbox 1484 3038 1555 3100; x_wconf 90' lang='lat' dir='ltr'><strong>in</strong></span> <span class='ocrx_word' id='word_1_222' title='bbox 1588 3034 1962 3101; x_wconf 90' lang='lat' dir='ltr'><strong>Stiliconem</strong></span> <span class='ocrx_word' id='word_1_223' title='bbox 2007 3036 2330 3101; x_wconf 90' lang='lat' dir='ltr'><strong>consulem</strong></span> <span class='ocrx_word' id='word_1_224' title='bbox 2376 3035 2680 3099; x_wconf 88' lang='lat' dir='ltr'><strong>direxisse</strong></span> 
     </span>
     <span class='ocr_line' id='line_1_28' title="bbox 400 3137 2677 3224; baseline -0 -24"><span class='ocrx_word' id='word_1_225' title='bbox 400 3137 537 3221; x_wconf 86' lang='lat' dir='ltr'><strong>ipse</strong></span> <span class='ocrx_word' id='word_1_226' title='bbox 581 3141 856 3203; x_wconf 87' lang='lat' dir='ltr'><strong>testetur</strong></span> <span class='ocrx_word' id='word_1_227' title='bbox 885 3139 978 3223; x_wconf 80' lang='lat' dir='ltr'><strong>(O.</strong></span> <span class='ocrx_word' id='word_1_228' title='bbox 1011 3138 1075 3203; x_wconf 91' lang='lat' dir='ltr'><strong>II</strong></span> <span class='ocrx_word' id='word_1_229' title='bbox 1109 3146 1166 3217; x_wconf 87' lang='lat'><strong>9,</strong></span> <span class='ocrx_word' id='word_1_230' title='bbox 1202 3142 1266 3224; x_wconf 89' lang='grc'><strong>7)</strong></span> <span class='ocrx_word' id='word_1_231' title='bbox 1311 3141 1501 3205; x_wconf 90' lang='lat' dir='ltr'><strong>initio</strong></span> <span class='ocrx_word' id='word_1_232' title='bbox 1550 3141 1761 3224; x_wconf 89' lang='lat' dir='ltr'><strong>quinti</strong></span> <span class='ocrx_word' id='word_1_233' title='bbox 1804 3140 2034 3205; x_wconf 86' lang='lat' dir='ltr'><strong>saeculi</strong></span> <span class='ocrx_word' id='word_1_234' title='bbox 2082 3139 2371 3204; x_wconf 89' lang='lat' dir='ltr'><strong>floruisse</strong></span> <span class='ocrx_word' id='word_1_235' title='bbox 2403 3140 2677 3204; x_wconf 90' lang='lat' dir='ltr'><strong>constat.</strong></span> 
     </span>
    </p>

    <p class='ocr_par' dir='ltr' id='par_1_6' title="bbox 399 3240 2681 4064">
     <span class='ocr_line' id='line_1_29' title="bbox 572 3240 2681 3329; baseline 0 -23"><span class='ocrx_word' id='word_1_236' title='bbox 572 3240 718 3306; x_wconf 87' lang='lat' dir='ltr'><strong>Jam</strong></span> <span class='ocrx_word' id='word_1_237' title='bbox 784 3264 936 3307; x_wconf 87' lang='lat' dir='ltr'><strong>vero</strong></span> <span class='ocrx_word' id='word_1_238' title='bbox 1004 3244 1305 3327; x_wconf 90' lang='lat' dir='ltr'><strong>quoniam</strong></span> <span class='ocrx_word' id='word_1_239' title='bbox 1366 3245 1520 3310; x_wconf 90' lang='lat' dir='ltr'><strong>libri</strong></span> <span class='ocrx_word' id='word_1_240' title='bbox 1581 3267 1777 3310; x_wconf 89' lang='lat' dir='ltr'><strong>manu</strong></span> <span class='ocrx_word' id='word_1_241' title='bbox 1843 3244 2101 3329; x_wconf 86' lang='lat' dir='ltr'><strong>scripti,</strong></span> <span class='ocrx_word' id='word_1_242' title='bbox 2183 3244 2416 3328; x_wconf 88' lang='lat' dir='ltr'><strong>quibus</strong></span> <span class='ocrx_word' id='word_1_243' title='bbox 2485 3265 2681 3329; x_wconf 89' lang='lat' dir='ltr'><strong>opera</strong></span> 
     </span>
     <span class='ocr_line' id='line_1_30' title="bbox 400 3344 2680 3434; baseline 0 -24"><span class='ocrx_word' id='word_1_244' title='bbox 400 3344 667 3410; x_wconf 88' lang='lat' dir='ltr'><strong>Sallusti</strong></span> <span class='ocrx_word' id='word_1_245' title='bbox 709 3347 946 3411; x_wconf 91' lang='lat' dir='ltr'><strong>tradita</strong></span> <span class='ocrx_word' id='word_1_246' title='bbox 991 3350 1174 3425; x_wconf 85' lang='lat' dir='ltr'><strong>sunt,</strong></span> <span class='ocrx_word' id='word_1_247' title='bbox 1236 3349 1544 3433; x_wconf 81' lang='lat' dir='ltr'><strong>cujusque</strong></span> <span class='ocrx_word' id='word_1_248' title='bbox 1591 3350 1844 3434; x_wconf 84' lang='lat' dir='ltr'><strong>generis</strong></span> <span class='ocrx_word' id='word_1_249' title='bbox 1881 3370 2021 3415; x_wconf 86' lang='lat' dir='ltr'><strong>non</strong></span> <span class='ocrx_word' id='word_1_250' title='bbox 2065 3349 2253 3413; x_wconf 94' lang='lat' dir='ltr'><strong>modo</strong></span> <span class='ocrx_word' id='word_1_251' title='bbox 2299 3350 2527 3413; x_wconf 88' lang='lat' dir='ltr'><strong>erratis</strong></span> <span class='ocrx_word' id='word_1_252' title='bbox 2570 3348 2680 3412; x_wconf 90' lang='lat' dir='ltr'><strong>sed</strong></span> 
     </span>
     <span class='ocr_line' id='line_1_31' title="bbox 399 3451 2677 3538; baseline 0 -23"><span class='ocrx_word' id='word_1_253' title='bbox 399 3452 592 3515; x_wconf 88' lang='lat' dir='ltr'><strong>etiam</strong></span> <span class='ocrx_word' id='word_1_254' title='bbox 639 3452 1024 3536; x_wconf 87' lang='lat' dir='ltr'><strong>corruptelis</strong></span> <span class='ocrx_word' id='word_1_255' title='bbox 1065 3452 1257 3536; x_wconf 88' lang='lat' dir='ltr'><strong>plena</strong></span> <span class='ocrx_word' id='word_1_256' title='bbox 1303 3456 1485 3534; x_wconf 89' lang='lat' dir='ltr'><strong>sunt,</strong></span> <span class='ocrx_word' id='word_1_257' title='bbox 1542 3454 1775 3538; x_wconf 89' lang='lat' dir='ltr'><strong>quibus</strong></span> <span class='ocrx_word' id='word_1_258' title='bbox 1818 3454 1993 3519; x_wconf 86' lang='lat' dir='ltr'><strong>vitiis</strong></span> <span class='ocrx_word' id='word_1_259' title='bbox 2040 3452 2288 3518; x_wconf 90' lang='lat' dir='ltr'><strong>accedit</strong></span> <span class='ocrx_word' id='word_1_260' title='bbox 2333 3451 2505 3537; x_wconf 90' lang='lat' dir='ltr'><strong>quod</strong></span> <span class='ocrx_word' id='word_1_261' title='bbox 2552 3452 2677 3536; x_wconf 90' lang='lat' dir='ltr'><strong>ipsi</strong></span> 
     </span>
     <span class='ocr_line' id='line_1_32' title="bbox 399 3560 2678 3646; baseline -0 -22"><span class='ocrx_word' id='word_1_262' title='bbox 399 3561 644 3626; x_wconf 90' lang='lat' dir='ltr'><strong>codices</strong></span> <span class='ocrx_word' id='word_1_263' title='bbox 703 3560 876 3625; x_wconf 90' lang='lat' dir='ltr'><strong>haud</strong></span> <span class='ocrx_word' id='word_1_264' title='bbox 941 3581 1088 3625; x_wconf 91' lang='lat' dir='ltr'><strong>raro</strong></span> <span class='ocrx_word' id='word_1_265' title='bbox 1144 3561 1419 3625; x_wconf 89' lang='lat' dir='ltr'><strong>multum</strong></span> <span class='ocrx_word' id='word_1_266' title='bbox 1465 3563 1636 3627; x_wconf 88' lang='lat' dir='ltr'><strong>inter</strong></span> <span class='ocrx_word' id='word_1_267' title='bbox 1682 3584 1747 3627; x_wconf 90' lang='lat' dir='ltr'><strong>se</strong></span> <span class='ocrx_word' id='word_1_268' title='bbox 1794 3562 2194 3646; x_wconf 81' lang='lat' dir='ltr'><strong>discrepant3</strong></span> <span class='ocrx_word' id='word_1_269' title='bbox 2261 3561 2326 3623; x_wconf 91' lang='lat' dir='ltr'><strong>et</strong></span> <span class='ocrx_word' id='word_1_270' title='bbox 2370 3561 2678 3643; x_wconf 87' lang='lat' dir='ltr'><strong>quoniam</strong></span> 
     </span>
     <span class='ocr_line' id='line_1_33' title="bbox 399 3664 2679 3751; baseline -0 -23"><span class='ocrx_word' id='word_1_271' title='bbox 399 3665 814 3729; x_wconf 90' lang='lat' dir='ltr'><strong>historiarum</strong></span> <span class='ocrx_word' id='word_1_272' title='bbox 857 3686 992 3729; x_wconf 89' lang='lat' dir='ltr'><strong>non</strong></span> <span class='ocrx_word' id='word_1_273' title='bbox 1034 3664 1341 3730; x_wconf 87' lang='lat' dir='ltr'><strong>habemus</strong></span> <span class='ocrx_word' id='word_1_274' title='bbox 1384 3666 1513 3730; x_wconf 91' lang='lat' dir='ltr'><strong>nisi</strong></span> <span class='ocrx_word' id='word_1_275' title='bbox 1556 3666 1916 3751; x_wconf 86' lang='lat' dir='ltr'><strong>fragmenta</strong></span> <span class='ocrx_word' id='word_1_276' title='bbox 1960 3687 2162 3750; x_wconf 90' lang='lat' dir='ltr'><strong>eaque</strong></span> <span class='ocrx_word' id='word_1_277' title='bbox 2190 3665 2267 3730; x_wconf 91' lang='lat' dir='ltr'><strong>de</strong></span> <span class='ocrx_word' id='word_1_278' title='bbox 2295 3685 2485 3729; x_wconf 90' lang='lat' dir='ltr'><strong>causa</strong></span> <span class='ocrx_word' id='word_1_279' title='bbox 2515 3684 2679 3748; x_wconf 90' lang='lat' dir='ltr'><strong>quae</strong></span> 
     </span>
     <span class='ocr_line' id='line_1_34' title="bbox 401 3767 2676 3852; baseline -0.001 -20"><span class='ocrx_word' id='word_1_280' title='bbox 401 3767 594 3834; x_wconf 90' lang='lat' dir='ltr'><strong>fuerit</strong></span> <span class='ocrx_word' id='word_1_281' title='bbox 657 3769 1000 3833; x_wconf 85' lang='lat' dir='ltr'><strong>verborum</strong></span> <span class='ocrx_word' id='word_1_282' title='bbox 1071 3770 1137 3833; x_wconf 93' lang='lat' dir='ltr'><strong>et</strong></span> <span class='ocrx_word' id='word_1_283' title='bbox 1216 3770 1619 3835; x_wconf 90' lang='lat' dir='ltr'><strong>locutionum</strong></span> <span class='ocrx_word' id='word_1_284' title='bbox 1686 3769 1952 3836; x_wconf 88' lang='lat' dir='ltr'><strong>Sallusti</strong></span> <span class='ocrx_word' id='word_1_285' title='bbox 2020 3769 2207 3852; x_wconf 91' lang='lat' dir='ltr'><strong>copia</strong></span> <span class='ocrx_word' id='word_1_286' title='bbox 2285 3789 2418 3832; x_wconf 91' lang='lat' dir='ltr'><strong>non</strong></span> <span class='ocrx_word' id='word_1_287' title='bbox 2485 3768 2676 3852; x_wconf 88' lang='lat' dir='ltr'><strong>plane</strong></span> 
     </span>
     <span class='ocr_line' id='line_1_35' title="bbox 401 3873 2679 3960; baseline -0.001 -22"><span class='ocrx_word' id='word_1_288' title='bbox 401 3874 850 3960; x_wconf 78' lang='lat' dir='ltr'><strong>perspicim11S‚</strong></span> <span class='ocrx_word' id='word_1_289' title='bbox 910 3875 1022 3957; x_wconf 91' lang='lat' dir='ltr'><strong>qui</strong></span> <span class='ocrx_word' id='word_1_290' title='bbox 1082 3875 1338 3958; x_wconf 87' lang='lat' dir='ltr'><strong>scriptis</strong></span> <span class='ocrx_word' id='word_1_291' title='bbox 1398 3876 1535 3959; x_wconf 88' lang='lat' dir='ltr'><strong>ejus</strong></span> <span class='ocrx_word' id='word_1_292' title='bbox 1577 3877 1645 3941; x_wconf 89' lang='lat' dir='ltr'><strong>in</strong></span> <span class='ocrx_word' id='word_1_293' title='bbox 1690 3877 1900 3943; x_wconf 92' lang='lat' dir='ltr'><strong>lucem</strong></span> <span class='ocrx_word' id='word_1_294' title='bbox 1947 3873 2206 3940; x_wconf 89' lang='lat' dir='ltr'><strong>edendis</strong></span> <span class='ocrx_word' id='word_1_295' title='bbox 2254 3893 2513 3956; x_wconf 92' lang='lat' dir='ltr'><strong>operam</strong></span> <span class='ocrx_word' id='word_1_296' title='bbox 2564 3893 2679 3936; x_wconf 85' lang='lat' dir='ltr'><strong>na-</strong></span> 
     </span>
     <span class='ocr_line' id='line_1_36' title="bbox 399 3977 2680 4064; baseline -0.001 -20"><span class='ocrx_word' id='word_1_297' title='bbox 399 3982 636 4044; x_wconf 87' lang='lat' dir='ltr'><strong>varunt</strong></span> <span class='ocrx_word' id='word_1_298' title='bbox 678 4000 1094 4064; x_wconf 85' lang='lat' dir='ltr'><strong>quaecunque</strong></span> <span class='ocrx_word' id='word_1_299' title='bbox 1124 3977 1516 4046; x_wconf 89' lang='lat' dir='ltr'><strong>Sallustiana</strong></span> <span class='ocrx_word' id='word_1_300' title='bbox 1558 4002 1705 4046; x_wconf 91' lang='lat' dir='ltr'><strong>cum</strong></span> <span class='ocrx_word' id='word_1_301' title='bbox 1751 3982 1860 4046; x_wconf 91' lang='lat' dir='ltr'><strong>alii</strong></span> <span class='ocrx_word' id='word_1_302' title='bbox 1907 3980 2250 4064; x_wconf 86' lang='lat' dir='ltr'><strong>scriptores</strong></span> <span class='ocrx_word' id='word_1_303' title='bbox 2281 3980 2422 4041; x_wconf 89' lang='lat' dir='ltr'><strong>tum</strong></span> <span class='ocrx_word' id='word_1_304' title='bbox 2465 3998 2680 4062; x_wconf 85' lang='lat' dir='ltr'><strong>gram·-</strong></span> 
     </span>
    </p>
   </div>
   <div class='ocr_carea' id='block_1_5' title="bbox 279 4078 2680 4169">
    <p class='ocr_par' dir='ltr' id='par_1_7' title="bbox 279 4078 2680 4169">
     <span class='ocr_line' id='line_1_37' title="bbox 279 4078 2680 4169; baseline -0.003 -19"><span class='ocrx_word' id='word_1_305' title='bbox 279 4096 284 4101; x_wconf 83' lang='lat'>&#39;</span> <span class='ocrx_word' id='word_1_306' title='bbox 401 4085 620 4149; x_wconf 90' lang='lat' dir='ltr'><strong>matici</strong></span> <span class='ocrx_word' id='word_1_307' title='bbox 677 4084 1023 4148; x_wconf 89' lang='lat' dir='ltr'><strong>memoriae</strong></span> <span class='ocrx_word' id='word_1_308' title='bbox 1082 4083 1505 4167; x_wconf 86' lang='lat' dir='ltr'><strong>prodiderunt</strong></span> <span class='ocrx_word' id='word_1_309' title='bbox 1562 4084 1848 4169; x_wconf 91' lang='lat' dir='ltr'><strong>undique</strong></span> <span class='ocrx_word' id='word_1_310' title='bbox 1894 4078 2141 4149; x_wconf 81' lang='lat' dir='ltr'><strong>summo</strong></span> <span class='ocrx_word' id='word_1_311' title='bbox 2188 4080 2398 4145; x_wconf 89' lang='lat' dir='ltr'><strong>studio</strong></span> <span class='ocrx_word' id='word_1_312' title='bbox 2444 4079 2680 4144; x_wconf 86' lang='lat' dir='ltr'><strong>collata</strong></span> 
     </span>
    </p>
   </div>
   <div class='ocr_carea' id='block_1_6' title="bbox 395 4181 2682 4486">
    <p class='ocr_par' dir='ltr' id='par_1_8' title="bbox 395 4181 2682 4486">
     <span class='ocr_line' id='line_1_38' title="bbox 399 4181 2682 4273; baseline -0.002 -20"><span class='ocrx_word' id='word_1_313' title='bbox 399 4191 469 4253; x_wconf 92' lang='lat' dir='ltr'><strong>in</strong></span> <span class='ocrx_word' id='word_1_314' title='bbox 513 4211 647 4255; x_wconf 90' lang='lat' dir='ltr'><strong>rem</strong></span> <span class='ocrx_word' id='word_1_315' title='bbox 692 4210 872 4253; x_wconf 89' lang='lat' dir='ltr'><strong>suam</strong></span> <span class='ocrx_word' id='word_1_316' title='bbox 920 4190 1396 4254; x_wconf 88' lang='lat' dir='ltr'><strong>converterunt.</strong></span> <span class='ocrx_word' id='word_1_317' title='bbox 1490 4187 1716 4273; x_wconf 90' lang='lat' dir='ltr'><strong>Neque</strong></span> <span class='ocrx_word' id='word_1_318' title='bbox 1765 4189 1994 4255; x_wconf 89' lang='lat' dir='ltr'><strong>desunt</strong></span> <span class='ocrx_word' id='word_1_319' title='bbox 2038 4187 2149 4271; x_wconf 92' lang='lat' dir='ltr'><strong>qui</strong></span> <span class='ocrx_word' id='word_1_320' title='bbox 2192 4185 2368 4248; x_wconf 88' lang='lat' dir='ltr'><strong>locos</strong></span> <span class='ocrx_word' id='word_1_321' title='bbox 2415 4181 2682 4248; x_wconf 84' lang='lat' dir='ltr'><strong>Sallusti</strong></span> 
     </span>
     <span class='ocr_line' id='line_1_39' title="bbox 400 4287 2679 4379; baseline -0.002 -22"><span class='ocrx_word' id='word_1_322' title='bbox 400 4293 479 4357; x_wconf 89' lang='lat' dir='ltr'><strong>ad</strong></span> <span class='ocrx_word' id='word_1_323' title='bbox 525 4293 795 4358; x_wconf 87' lang='lat' dir='ltr'><strong>aliorum</strong></span> <span class='ocrx_word' id='word_1_324' title='bbox 839 4293 1225 4379; x_wconf 89' lang='lat' dir='ltr'><strong>scriptorum</strong></span> <span class='ocrx_word' id='word_1_325' title='bbox 1271 4314 1533 4358; x_wconf 89' lang='lat' dir='ltr'><strong>manum</strong></span> <span class='ocrx_word' id='word_1_326' title='bbox 1587 4294 2046 4360; x_wconf 86' lang='lat' dir='ltr'><strong>restituendam</strong></span> <span class='ocrx_word' id='word_1_327' title='bbox 2102 4287 2533 4354; x_wconf 88' lang='lat' dir='ltr'><strong>adhibuerint.</strong></span> <span class='ocrx_word' id='word_1_328' title='bbox 2622 4287 2679 4353; x_wconf 88' lang='grc' dir='ltr'>Ε</span> 
     </span>
     <span class='ocr_line' id='line_1_40' title="bbox 395 4389 2671 4486; baseline -0.003 -24"><span class='ocrx_word' id='word_1_329' title='bbox 395 4397 629 4484; x_wconf 90' lang='lat' dir='ltr'><strong>quibus</strong></span> <span class='ocrx_word' id='word_1_330' title='bbox 689 4400 948 4486; x_wconf 86' lang='lat' dir='ltr'><strong>praeter</strong></span> <span class='ocrx_word' id='word_1_331' title='bbox 1012 4400 1258 4464; x_wconf 87' lang='lat' dir='ltr'><strong>ceteros</strong></span> <span class='ocrx_word' id='word_1_332' title='bbox 1314 4398 1748 4466; x_wconf 87' lang='lat' dir='ltr'><strong>nominandus</strong></span> <span class='ocrx_word' id='word_1_333' title='bbox 1812 4399 1910 4463; x_wconf 83' lang='lat' dir='ltr'><strong>est</strong></span> <span class='ocrx_word' id='word_1_334' title='bbox 1956 4394 2086 4461; x_wconf 90' lang='lat' dir='ltr'><strong>Wo</strong></span> <span class='ocrx_word' id='word_1_335' title='bbox 2101 4389 2413 4477; x_wconf 84' lang='lat' dir='ltr'><strong>elfflinus,</strong></span> <span class='ocrx_word' id='word_1_336' title='bbox 2479 4413 2671 4479; x_wconf 90' lang='lat' dir='ltr'><strong>quem</strong></span> 
     </span>
    </p>
   </div>
  </div>
 </body>
</html>
