3000 4792
1542 209 1634 276 48

426 383 620 447 naret
679 398 959 468 eamque
1004 385 1089 450 ot
1126 402 1296 469 'qm
1351 383 1600 468 nuptiis
1658 385 1812 449 usui·-
1856 387 2076 451 essent
2129 387 2378 453 mature
2422 385 2713 453 mittere.

422 484 507 551 II.
538 476 619 551 12
666 505 953 573 eumque
983 490 1055 554 et
1092 508 1392 572 magnam
1429 488 1562 553 vim
1614 487 1897 555 hostium
1936 490 2265 557 interficit.
2353 482 2424 557 11'
2455 491 2539 559 29
2584 491 2698 576 qui

429 610 631 674 seque
686 595 753 657 et
810 592 1002 658 deum
1065 594 1467 678 contemptui
1524 592 1924 659 habuissent.
2007 592 2071 659 H
2115 595 2197 659 29
2256 595 2599 680 ipsumque
2646 597 2714 659 et

437 692 805 760 Menelaum
868 695 1281 762 contumeliis
1343 697 1690 762 lacerabat.
1790 697 1859 763 11
1925 698 2009 763 45
2078 719 2314 783 eosque
2371 700 2446 764 et
2499 720 2719 784 regem

434 797 856 869 interficiunt.
942 798 1008 865 H
1038 800 1121 865 52
1167 822 1438 884 eumque
1485 804 1551 867 et
1595 802 1878 886 reliquos
1923 804 2116 869 duces
2153 804 2432 868 deducit.
2506 803 2608 868 III
2638 805 2717 869 15

435 923 711 990 eumque
767 907 832 971 et
891 925 1113 971 omnes
1172 906 1499 977 interficit.
1591 906 1692 973 III
1736 909 1818 972 25
1878 908 2144 993 ipseque
2185 910 2251 973 et
2296 894 2409 992 qui
2452 928 2598 973 cum
2642 930 2719 974 eo

436 1013 769 1075 venerant.
869 1009 961 1075 IV
1011 1013 1043 1076 l
1103 1008 1455 1095 ipsumque
1502 1008 1574 1075 et
1627 1011 1740 1095 qui
1798 1033 1947 1077 cum
2014 1034 2090 1077 eo
2152 1010 2443 1077 fuissent.
2535 1010 2632 1077 VI
2676 1012 2717 1076 8

437 1137 708 1200 eumq-ue
754 1117 819 1181 et
862 1115 1057 1200 paulo
1097 1118 1246 1200 post
1288 1115 1559 1187 fratrem
1603 1117 1937 1182 interficit.
2031 1116 2206 1193 Quae
2251 1140 2397 1183 cum
2434 1118 2538 1183 ita·
2562 1118 2718 1197 sint,

436 1219 838 1311 Septimium,
886 1220 999 1303 qui
1049 1240 1297 1285 summo
1343 1219 1757 1287 Achaeorum
1803 1222 1949 1288 duci
1994 1223 2342 1315 exprobrat

777 1323 846 1390 H
892 1325 975 1389 29
1047 1327 1373 1419 §ceterum
1417 1325 1707 1391 Achilles
1766 1327 1839 1392 in
1892 1349 2001 1392 ore
2049 1329 2336 1393 omnium
2376 1327 2718 1413 ipsumque

479 1514 485 1521 .
776 1431 843 1496 et
884 1428 1251 1496 Menelaum
1295 1431 1706 1497 contumeliis
1748 1433 2114 1498 lacerabat«

434 1535 505 1601 in
570 1555 687 1629 suo
734 1520 908 1598 'belli
953 1531 1328 1618 «Iugurthini
1390 1535 1559 1600 libro
1619 1558 1758 1602 eam
1802 1538 2010 1623 ipsam
2075 1538 2492 1622 scripturam}
2553 1555 2718 1620 quae

435 1639 625 1705 nobis
669 1660 785 1725 per
830 1660 1029 1705 unum
1070 1637 1245 1705 Vum
1289 1641 1530 1706 tradita
1573 1644 1687 1724 est,
1732 1644 2049 1708 invenisse
2095 1643 2477 1730 colligimus.

1357 1884 1402 1951 J
1402 1907 1511 1973 ug.
1560 1887 1663 1968 85,
1710 1887 1815 1953 33.

482 2050 489 2057 ⁵
606 2054 784 2126 Idem
847 2059 957 2126 ille
1002 2058 1242 2126 Marius
1295 2061 1374 2127 de
1417 2085 1485 2128 se
1549 2065 1909 2148 praedicat:
1969 2065 2193 2129 literas
2235 2062 2511 2128 Graecas
2554 2059 2719 2126 nihil

435 2167 804 2237 doctoribus
849 2167 930 2230 ad
972 2167 1280 2231 virtutem
1326 2168 1737 2251 proficientes
1781 2190 1849 2233 se
1893 2189 2028 2233 non
2077 2168 2404 2245 didicisse3
2455 2168 2563 2229 »at
2599 2165 2717 2229 illa

434 2271 640 2339 multo
684 2276 952 2356 optuma
993 2272 1386 2357 reipublicae
1433 2273 1660 2338 doctus
1703 2294 1863 2353 sum,
1909 2273 2165 2339 hostem
2208 2272 2420 2351 ferire,
2478 2271 2718 2356 praesi-

434 2380 610 2471 dium
656 2379 899 2463 agitare
920 2426 936 2458 ‚
984 2378 1150 2443 nihil
1196 2381 1481 2444 metuere
1528 2380 1653 2444 nisi
1696 2382 1955 2465 turpem
1999 2379 2265 2457 famam,
2332 2378 2607 2442 hiemem
2650 2378 2718 2440 et

434 2474 742 2549 aestatem
798 2482 988 2568 juxta
1044 2483 1218 2568 pati,
1266 2483 1464 2548 humi·
1509 2485 1902 2569 requiescere
1921 2533 1938 2565 ‚
1985 2485 2222 2573 eodem
2284 2490 2572 2568 tempore
2616 2481 2718 2545 in-

434 2587 652 2673 opiam
696 2591 764 2671 et
805 2586 1093 2653 laborem
1135 2588 1474 2654 tolerare«

606 2691 695 2759 Vi
768 2692 1113 2759 lectionem
1193 2694 1663 2779 »praesidium«
1745 2697 1821 2758 ut
1883 2693 2149 2780 reliquis
2215 2694 2401 2760 libris
2465 2691 2563 2777 (P.
2613 2688 2713 2777 C.)
2781 2700 2787 2705 ”

439 2797 838 2884 »praesidia«
908 2798 1360 2865 exhibentibus
1419 2798 1857 2885 praeferamus
1915 2802 2223 2884 quattuor
2266 2815 2717 2885 permovemur

430 2906 809 2983 rationibus.
897 2905 1187 2972 Primum
1255 2908 1428 2974 enim
1444 2956 1460 2989 ‚
1532 2908 1599 2974 id
1674 2909 1847 2994 quod
1913 2912 2085 2975 recte
2130 2909 2439 2975 Dieckius
2495 2907 2718 2972 monet

432 3035 497 3098 p,
546 3012 687 3090 32,v
723 3012 1190 3097 »praesidium«
1239 3014 1306 3076 et
1352 3013 1676 3097 »agitare«
1723 3013 1796 3077 in
1838 3035 2039 3078 unum
2084 3015 2268 3099 quasi
2310 3012 2581 3078 verbum
2623 3010 2718 3073 ita

433 3115 834 3196 coaluerunt,
875 3117 951 3180 ut
999 3116 1470 3202 »praesidium«
1519 3118 1589 3185 in
1637 3119 2035 3203 »praesidia«
2082 3139 2436 3203 numquam
2478 3114 2717 3180 mutari

431 3221 746 3287 videatur.
835 3219 1082 3287 Deinde
1129 3222 1451 3308 praesidia
1495 3224 1666 3309 apud
1693 3223 2075 3295 Sallustium
2111 3227 2223 3289 aut
2250 3226 2403 3288 sunt
2426 3221 2719 3287 homines

435 3328 668 3393 armati
712 3326 1513 3414 (Schutzmannschaften)
1555 3331 1671 3393 aut
1712 3328 2147 3395 instrumenta
2189 3325 2571 3394 munitionis
2612 3322 2719 3387 vel

431 3433 837 3498 munimenta
899 3431 1406 3520 (Schutzmittel)
1467 3433 1582 3499 cfr.
1643 3432 1687 3500 J
1691 3455 1795 3520 ug.
1868 3436 1977 3516 10,
2048 3440 2089 3499 4
2156 3456 2325 3499 »non
2398 3430 2719 3496 exercitus

432 3557 642 3622 neque
687 3535 974 3601 thesauri
996 3537 1313 3622 praesidia
1345 3539 1533 3624 regni
1557 3542 1728 3618 sunt,
1772 3562 1994 3605 verum
2032 3539 2283 3603 amici«
2376 3537 2600 3615 Porro,
2643 3538 2720 3599 ut

435 3641 792 3728 »praesidia
834 3643 1116 3726 agitare«
1163 3643 1293 3731 dici
1337 3647 1534 3728 queat
1551 3692 1567 3723 ‚
1624 3645 1890 3730 pluralis
1935 3665 2237 3708 numerus
2281 3644 2452 3709 inter
2498 3644 2720 3729 singu·-

431 3748 599 3835 lares
657 3747 1146 3813 molestissimus
1211 3751 1327 3813 est.
1429 3749 1727 3833 Denique
1791 3748 2217 3815 Sallustianus
2282 3751 2392 3815 ille
2447 3748 2720 3815 Severus

429 3852 865 3937 praesidium«
912 3852 1171 3938 scripsit
1193 3852 1262 3918 O.
1291 3851 1358 3917 II
1382 3853 1485 3931 23,
1536 3856 1573 3917 3
1625 3854 2133 3939 »constitutique
2176 3855 2289 3941 qui
2334 3856 2721 3943 perpetuum

431 3956 824 4042 praesidium
867 3957 1101 4021 armati
1143 3958 1525 4041 agitarent«.
2195 4041 2200 4045 ,

605 4060 834 4147 Itaque
879 4063 933 4127 si
995 4062 1322 4148 paulisper
1366 4052 1803 4131 subsistentes·
1853 4088 2073 4134 omnes
2118 4067 2722 4153 perlustraverimus

428 4163 639 4244 locOS,
708 4166 944 4251 quibus
1008 4165 1198 4230 nobis
1257 4168 1569 4251 contigit,
1637 4172 1712 4234 ut
1760 4169 1847 4237 Vi
1893 4174 1962 4237 et
2005 4170 2084 4236 Pi
2130 4172 2419 4247 codicum
2464 4177 2723 4239 contro-

429 4271 670 4334 versias
715 4272 795 4335 ad
838 4271 1196 4335 imitatores
1243 4273 1576 4354 tamquam
1612 4273 1882 4357 judices
1906 4275 2334 4354 deferremus,
2399 4276 2572 4344 Vum
2629 4278 2724 4344 Po

435 4372 645 4439 multo
694 4374 1227 4461 praestantiorem
1272 4395 1407 4439 esse
1441 4376 1598 4440 satis
1629 4379 1989 4465 apparebit.
2075 4380 2525 4450 Imitatoribus
2555 4383 2727 4448 enim
