3000 4792
82 3838 95 4119 Ι

86 4408 181 4503 i.

89 4570 99 4617 l

96 4622 239 4737 Μ,

1428 222 1511 283 65

323 411 395 472 ut
446 404 734 470 miserias
782 397 1098 465 exercitus
1143 415 1180 457 a
1224 414 1290 456 se
1334 414 1467 457 non
1512 391 1756 456 alienas
1798 410 1930 455 esse
1952 410 2083 454 non
2108 391 2317 455 verbis
2341 393 2596 457 tantum

320 509 747 581 demonstret,
814 503 925 568 sed
983 502 1121 583 ipsa
1156 518 1235 562 =re
1282 498 1599 581 praestet,
1664 494 1975 559 militibus
2020 496 2353 580 proposita
2397 498 2600 562 multo

321 617 659 682 rectiorem
717 607 1113 693 ingredietur
1178 603 1345 666 viam
1389 600 1504 665 cfr.
1550 599 1712 664 Xen.
1760 601 1948 684 AgeS.
1994 598 2051 664 V
2099 603 2134 663 3
2195 606 2306 662 καὶ
2359 603 2486 685 μὴν
2546 602 2602 665 &z

323 742 473 785 ποτε
514 718 846 800 μοχθῆσαι
893 709 1155 792 στρατιᾷ·
1185 708 1481 789 συμβαίη,
1528 703 1691 767 ἑκών
1719 703 1936 766 ἐπόνει
1958 705 2139 788 παρὰ
2166 704 2310 778 τούς
2339 705 2598 784 ἄλλους,

323 822 594 907 νομίζων
636 823 853 884 πάντα
898 818 974 877 τοὶ
1006 814 1270 877 τοιαῦτα
1313 811 1748 891 πασαμυθίαν
1791 809 1958 872 εἶναι
2000 819 2128 883 τοῖς
2172 811 2598 895 στρατιώταις.

324 932 570 998 Vitium
627 928 824 1010 igitur
887 922 1243 1005 scripturae
1303 917 1593 980 codicum
1653 918 1857 980 inesse
1914 917 2199 994 videtur,
2274 920 2445 1000 quod
2504 920 2602 982 fa-

327 1037 560 1102 cillime
617 1031 896 1110 tollitur,
953 1028 1006 1090 si
1054 1024 1324 1107 vestigia
1368 1023 1712 1086 imitatoris
1756 1022 1960 1085 secuti
2002 1044 2119 1105 pro
2168 1026 2598 1102 »consultor«,

326 1161 456 1205 una
498 1141 755 1202 tantum
801 1151 963 1216 quae
1008 1129 1194 1192 facile
1241 1126 1530 1191 excidere
1577 1128 1793 1210 potuit
1821 1127 2055 1191 littera
2099 1127 2342 1204 addita,
2413 1150 2600 1193 »con-

328 1244 605 1309 solator«
668 1241 738 1301 in
798 1234 1141 1299 verborum
1185 1230 1721 1295 Sallustianorum
1766 1234 2138 1294 contextum
2186 1231 2596 1296 restituimus.

1233 1503 1687 1587 Jug.106‚2.

498 1707 714 1772 Volux
758 1707 970 1770 Sullae
1033 1704 1113 1768 ad
1156 1702 1486 1767 Bocchum
1531 1700 1824 1786 profecto
1887 1702 2141 1764 obviam
2185 1703 2414 1766 missus
2460 1708 2599 1767 erat

329 1815 667 1899 copiasque
713 1834 857 1876 cum
902 1834 975 1874 eo
1015 1788 1341 1894 'junxerat
1435 1805 1633 1870 »Post
1693 1806 1804 1869 ubi
1858 1809 2067 1869 castra
2113 1807 2324 1871 locata
2369 1811 2433 1871 et
2475 1809 2601 1871 diei

328 1941 552 2002 vesper
597 1923 765 1993 erat,
820 1918 1084 2000 repente
1131 1912 1391 1976 Maurus
1434 1913 1680 1975 incerto
1730 1911 1905 1975 voltu
1951 1932 2190 1994 pavens
2234 1912 2312 1976 ad
2357 1912 2600 1977 Sullam

327 2023 607 2085 adcurrit
649 2022 929 2104 dicitque
976 2019 1098 2083 sibi
1144 2040 1222 2082 ex
1266 2017 1775 2101 speculatoribus
1818 2016 2164 2100 cognitum,
2208 2015 2600 2100 Jugurtham

328 2128 486 2190 haut
530 2126 753 2210 procul
799 2127 1078 2189 abesse.«

496 2231 909 2315 Participium
985 2250 1338 2314 »pavens«,
1418 2229 1591 2312 quod
1653 2227 1973 2291 Linkerus
2055 2229 2235 2292 uncis
2315 2230 2596 2309 inclusit,

326 2337 611 2410 omnium
657 2335 942 2399 codicum
988 2355 1302 2398 consensu
1348 2334 1502 2397 adeo
1538 2334 1859 2397 munitum
1904 2336 2018 2410 est,
2065 2335 2139 2396 ut
2162 2334 2307 2417 ejici
2341 2357 2599 2420 prorsus

324 2465 455 2507 non
519 2441 780 2517 debeat,
840 2440 906 2504 id
948 2439 1119 2524 quod
1164 2433 1430 2522 insuper
1475 2437 1693 2502 Severi
1736 2439 2195 2524 comprobatur
2236 2439 2599 2505 imitatione

668 2545 726 2609 D
774 2545 876 2610 III
940 2547 1050 2622 15,
1113 2545 1155 2608 4
1221 2543 1691 2607 »trementibus
1752 2542 1944 2607 labiis
1998 2543 2370 2629 incertoque
2415 2547 2599 2610 vultu

603 2674 606 2675 ⁷
672 2650 925 2714 decolor
971 2671 1125 2734 prae
1169 2648 1384 2713 furore
1429 2648 1690 2713 rotabat
1734 2648 1993 2712 verba«.

499 2753 637 2829 Qua
689 2754 1052 2818 imitatione
1111 2754 1284 2838 quod
1329 2751 1693 2817 Dietschius
1740 2776 1802 2836 p.
1851 2753 1935 2817 94
1978 2751 2297 2818 Kritzium
2343 2759 2597 2821 secutus

326 2860 592 2923 verbum
638 2881 950 2944 »pavere«
998 2859 1075 2923 de
1120 2859 1398 2923 maximo
1444 2859 1641 2938 metu,
1689 2858 1800 2942 qui
1832 2858 2139 2943 pallorem
2164 2862 2231 2924 et
2252 2864 2597 2928 tremorem

327 2961 593 3040 efficiat,
654 2963 956 3046 usurpari
999 2963 1278 3038 monuit,
1345 2962 1602 3046 egregie
1647 2962 2084 3041 confirmatur,
2143 2984 2287 3028 cum
2333 2964 2596 3031 Severus

324 3066 484 3133 illud
533 3086 849 3150 »pavens«
897 3086 1013 3148 per
1059 3064 1390 3129 »decolor«
1437 3066 1895 3149 interpretatus
1938 3067 2041 3129 sit.

500 3451 542 3517 J
548 3473 652 3515 am
698 3450 813 3514 ubi
858 3450 1130 3535 triginta
1174 3448 1307 3514 fere
1349 3450 1509 3513 locis
1553 3448 1930 3516 Sallustium
1976 3474 2118 3518 cum
2163 3454 2235 3519 L.
2283 3456 2597 3542 Septimio

324 3558 387 3619 et
428 3554 711 3640 Sulpicio
755 3553 989 3621 Severo
1033 3555 1467 3625 imitatoribus
1514 3556 1924 3637 contulimus,
1978 3560 2294 3645 reliquum
2339 3566 2453 3641 est,
2499 3568 2591 3644 ut,

323 3677 483 3742 quae
526 3660 840 3725 invenisse
885 3661 1072 3726 nobis
1116 3662 1464 3738 videamur,
1514 3662 1731 3746 paucis
1752 3663 2381 3748 comprehendamus,
2453 3668 2595 3733 Pri-

318 3784 498 3827 mum
551 3763 754 3846 igitur
815 3786 924 3828 sex
977 3766 1136 3832 locis
1181 3767 1383 3831 codici
1437 3765 1779 3848 Vatican0‚
1842 3791 1973 3833 non
2018 3767 2309 3834 Parisino
2357 3793 2419 3835 n.
2466 3773 2593 3839 500

318 3868 557 3954 primas
615 3867 987 3933 tribuendas
1037 3871 1462 3953 judicavimus
1507 3892 1624 3937 nec
1666 3894 1802 3937 non
1845 3872 2139 3936 Parisino
2188 3873 2550 3943 Parisinum
2570 3878 2593 3914 ¹
2630 3939 2635 3946 .

317 3994 380 4035 n.
439 3971 606 4036 1576
676 3970 819 4055 plus
884 3973 1096 4036 minus
1154 3975 1643 4040 anteferendum
1702 3997 1836 4041 esse
1894 3977 2255 4042 statuimus.
2359 3979 2592 4046 Itidem

319 4076 722 4160 compluries,
789 4077 843 4139 si
903 4097 1067 4160 quae
1124 4077 1507 4143 insolentius
1565 4101 1603 4143 a
1647 4078 1953 4147 Sallustio
2023 4082 2194 4146 dicta
2240 4102 2373 4149 esse
2418 4086 2591 4151 vide-

317 4180 586 4259 bantur,
664 4182 979 4247 similibus
1054 4183 1456 4249 imitatorum
1522 4188 1911 4272 comparatis
1973 4187 2310 4253 defendere
2378 4194 2593 4257 conati

313 4307 530 4350 sumus
572 4284 686 4351 cfr.
731 4286 866 4352 Cat.
913 4289 1014 4367 20,
1063 4290 1103 4354 6
1151 4290 1259 4352 »in
1306 4290 1438 4354 dies
1483 4292 1689 4375 magis
1736 4291 2130 4377 magisque«.
2219 4290 2373 4376 Jug.
2417 4295 2515 4373 10,
2552 4297 2586 4360 1

317 4411 433 4454 »ea
475 4411 641 4455 res«.
729 4390 877 4477 Jug.
900 4395 1004 4472 42,
1037 4394 1079 4459 4
1111 4393 1462 4476 »deseret«,
1507 4394 1659 4480 Jug.
1695 4397 1800 4473 47,
1848 4398 1886 4459 2
1919 4396 2317 4480 »temptandi
2354 4400 2586 4482 gratia,
