<?xml version="1.0" encoding="UTF-8"?>
<!DOCTYPE html PUBLIC "-//W3C//DTD XHTML 1.0 Transitional//EN"
    "http://www.w3.org/TR/xhtml1/DTD/xhtml1-transitional.dtd">
<html xmlns="http://www.w3.org/1999/xhtml" xml:lang="en" lang="en">
 <head>
  <title>
</title>
<meta http-equiv="Content-Type" content="text/html;charset=utf-8" />
  <meta name='ocr-system' content='tesseract 3.04.00' />
  <meta name='ocr-capabilities' content='ocr_page ocr_carea ocr_par ocr_line ocrx_word'/>
</head>
<body>
  <div class='ocr_page' id='page_1' title='image "./quaestionessall01pratgoog_0028.png"; bbox 0 0 3000 4792; ppageno 0'>
   <div class='ocr_carea' id='block_1_1' title="bbox 1532 224 1618 290">
    <p class='ocr_par' dir='ltr' id='par_1_1' title="bbox 1532 224 1618 290">
     <span class='ocr_line' id='line_1_1' title="bbox 1532 224 1618 290; baseline -0.012 0"><span class='ocrx_word' id='word_1_1' title='bbox 1532 224 1618 290; x_wconf 86' lang='lat'>24</span> 
     </span>
    </p>
   </div>
   <div class='ocr_carea' id='block_1_2' title="bbox 643 394 2478 478">
    <p class='ocr_par' dir='ltr' id='par_1_2' title="bbox 643 394 2478 478">
     <span class='ocr_line' id='line_1_2' title="bbox 643 394 2478 478; baseline -0.002 -16"><span class='ocrx_word' id='word_1_2' title='bbox 643 394 795 462; x_wconf 50' lang='lat' dir='ltr'>Sallu</span> <span class='ocrx_word' id='word_1_3' title='bbox 841 394 989 478; x_wconf 86' lang='lat' dir='ltr'>Jug.</span> <span class='ocrx_word' id='word_1_4' title='bbox 1416 397 1590 462; x_wconf 79' lang='lat' dir='ltr'>Diet.</span> <span class='ocrx_word' id='word_1_5' title='bbox 1638 395 1739 461; x_wconf 85' lang='lat' dir='ltr'>Cr.</span> <span class='ocrx_word' id='word_1_6' title='bbox 2224 395 2288 461; x_wconf 85' lang='lat' dir='ltr'>S.</span> <span class='ocrx_word' id='word_1_7' title='bbox 2335 395 2478 462; x_wconf 83' lang='lat' dir='ltr'>Sev.</span> 
     </span>
    </p>
   </div>
   <div class='ocr_carea' id='block_1_3' title="bbox 438 552 1952 824">
    <p class='ocr_par' dir='ltr' id='par_1_3' title="bbox 438 552 1952 824">
     <span class='ocr_line' id='line_1_3' title="bbox 472 552 1952 623; baseline -0.003 -11"><span class='ocrx_word' id='word_1_8' title='bbox 472 556 551 612; x_wconf 88' lang='lat' dir='ltr'>ibi</span> <span class='ocrx_word' id='word_1_9' title='bbox 585 554 712 611; x_wconf 83' lang='lat' dir='ltr'>vino</span> <span class='ocrx_word' id='word_1_10' title='bbox 759 559 816 610; x_wconf 69' lang='lat' dir='ltr'>et</span> <span class='ocrx_word' id='word_1_11' title='bbox 851 554 1024 623; x_wconf 79' lang='lat' dir='ltr'>epulis</span> <span class='ocrx_word' id='word_1_12' title='bbox 1061 569 1184 607; x_wconf 89' lang='lat' dir='ltr'>one·</span> <span class='ocrx_word' id='word_1_13' title='bbox 1243 552 1323 609; x_wconf 83' lang='lat' dir='ltr'>VI·</span> <span class='ocrx_word' id='word_1_14' title='bbox 1369 558 1402 609; x_wconf 91' lang='lat'>6</span> <span class='ocrx_word' id='word_1_15' title='bbox 1451 554 1546 607; x_wconf 91' lang='lat' dir='ltr'>ubi</span> <span class='ocrx_word' id='word_1_16' title='bbox 1599 555 1772 608; x_wconf 77' lang='lat' dir='ltr'>multo</span> <span class='ocrx_word' id='word_1_17' title='bbox 1826 554 1952 610; x_wconf 83' lang='lat' dir='ltr'>vino</span> 
     </span>
     <span class='ocr_line' id='line_1_4' title="bbox 438 626 1949 695; baseline -0.003 -12"><span class='ocrx_word' id='word_1_18' title='bbox 438 630 545 684; x_wconf 75' lang='lat' dir='ltr'>rati</span> <span class='ocrx_word' id='word_1_19' title='bbox 586 668 600 683; x_wconf 90' lang='lat'><em>.</em></span> <span class='ocrx_word' id='word_1_20' title='bbox 629 667 642 681; x_wconf 91' lang='lat'><strong>.</strong></span> <span class='ocrx_word' id='word_1_21' title='bbox 680 668 694 682; x_wconf 90' lang='lat'><strong>.</strong></span> <span class='ocrx_word' id='word_1_22' title='bbox 727 631 898 680; x_wconf 75' lang='lat' dir='ltr'>semet</span> <span class='ocrx_word' id='word_1_23' title='bbox 917 626 1035 694; x_wconf 84' lang='lat' dir='ltr'>igni</span> <span class='ocrx_word' id='word_1_24' title='bbox 1059 641 1183 679; x_wconf 87' lang='lat' dir='ltr'>con·</span> <span class='ocrx_word' id='word_1_25' title='bbox 1206 630 1366 693; x_wconf 76' lang='lat' dir='ltr'>atque</span> <span class='ocrx_word' id='word_1_26' title='bbox 1392 627 1567 694; x_wconf 83' lang='lat' dir='ltr'>epulis</span> <span class='ocrx_word' id='word_1_27' title='bbox 1588 628 1824 695; x_wconf 75' lang='lat' dir='ltr'>repletos</span> <span class='ocrx_word' id='word_1_28' title='bbox 1858 668 1870 681; x_wconf 91' lang='lat'><strong>.</strong></span> <span class='ocrx_word' id='word_1_29' title='bbox 1897 666 1911 679; x_wconf 89' lang='lat'><strong><em>.</em></strong></span> <span class='ocrx_word' id='word_1_30' title='bbox 1936 665 1949 679; x_wconf 90' lang='lat'><em>.</em></span> 
     </span>
     <span class='ocr_line' id='line_1_5' title="bbox 439 696 1866 824; baseline -0.003 -69"><span class='ocrx_word' id='word_1_31' title='bbox 439 704 701 769; x_wconf 76' lang='lat' dir='ltr'>rumpunt</span> <span class='ocrx_word' id='word_1_32' title='bbox 736 700 842 824; x_wconf 64' lang='lat' dir='ltr'><strong>c&#39;s7rss</strong></span> <span class='ocrx_word' id='word_1_33' title='bbox 873 697 992 752; x_wconf 76' lang='lat' dir='ltr'>Cat.</span> <span class='ocrx_word' id='word_1_34' title='bbox 1030 699 1118 760; x_wconf 88' lang='grc'>36,</span> <span class='ocrx_word' id='word_1_35' title='bbox 1151 699 1185 750; x_wconf 87' lang='grc'>4</span> <span class='ocrx_word' id='word_1_36' title='bbox 1207 696 1537 751; x_wconf 78' lang='lat' dir='ltr'>interficiunt</span> <span class='ocrx_word' id='word_1_37' title='bbox 1575 698 1671 753; x_wconf 80' lang='lat' dir='ltr'>cfr.</span> <span class='ocrx_word' id='word_1_38' title='bbox 1710 698 1758 754; x_wconf 85' lang='lat' dir='ltr'>V</span> <span class='ocrx_word' id='word_1_39' title='bbox 1801 701 1866 752; x_wconf 85' lang='lat'>12</span> 
     </span>
    </p>
   </div>
   <div class='ocr_carea' id='block_1_4' title="bbox 1166 388 1205 3872">
    <p class='ocr_par' dir='ltr' id='par_1_4' title="bbox 1166 388 1205 3872">
     <span class='ocr_line' id='line_1_6' title="bbox 1186 388 1205 517; baseline 0 4275"><span class='ocrx_word' id='word_1_40' title='bbox 1186 388 1205 517; x_wconf 95' lang='lat' dir='ltr'> </span> 
     </span>
     <span class='ocr_line' id='line_1_7' title="bbox 1185 805 1202 953; baseline 0 0"><span class='ocrx_word' id='word_1_41' title='bbox 1185 805 1202 953; x_wconf 95' lang='lat' dir='ltr'>  </span> 
     </span>
     <span class='ocr_line' id='line_1_8' title="bbox 1182 1070 1201 1280; baseline 0 -112"><span class='ocrx_word' id='word_1_42' title='bbox 1182 1070 1201 1280; x_wconf 95' lang='lat' dir='ltr'>  </span> 
     </span>
     <span class='ocr_line' id='line_1_9' title="bbox 1177 1280 1201 1728; baseline 0 -137"><span class='ocrx_word' id='word_1_43' title='bbox 1177 1280 1201 1728; x_wconf 95' lang='lat' dir='ltr'>  </span> 
     </span>
     <span class='ocr_line' id='line_1_10' title="bbox 1175 1728 1200 2367; baseline 0 -210"><span class='ocrx_word' id='word_1_44' title='bbox 1175 1728 1200 2367; x_wconf 95' lang='lat' dir='ltr'>   </span> 
     </span>
     <span class='ocr_line' id='line_1_11' title="bbox 1172 2799 1189 2968; baseline 0 0"><span class='ocrx_word' id='word_1_45' title='bbox 1172 2799 1189 2968; x_wconf 95' lang='lat' dir='ltr'>  </span> 
     </span>
     <span class='ocr_line' id='line_1_12' title="bbox 1166 3584 1184 3872; baseline 0 -213"><span class='ocrx_word' id='word_1_46' title='bbox 1166 3584 1184 3872; x_wconf 95' lang='lat' dir='ltr'>   </span> 
     </span>
    </p>
   </div>
   <div class='ocr_carea' id='block_1_5' title="bbox 412 798 1949 1252">
    <p class='ocr_par' dir='ltr' id='par_1_5' title="bbox 412 798 1949 1252">
     <span class='ocr_line' id='line_1_13' title="bbox 476 798 1890 911; baseline -0.003 -14"><span class='ocrx_word' id='word_1_47' title='bbox 476 842 533 911; x_wconf 83' lang='lat'>2)</span> <span class='ocrx_word' id='word_1_48' title='bbox 567 843 650 898; x_wconf 70' lang='lat' dir='ltr'>uti</span> <span class='ocrx_word' id='word_1_49' title='bbox 681 842 792 897; x_wconf 80' lang='lat' dir='ltr'>fors</span> <span class='ocrx_word' id='word_1_50' title='bbox 829 841 959 894; x_wconf 75' lang='lat' dir='ltr'>tulit</span> <span class='ocrx_word' id='word_1_51' title='bbox 1238 839 1314 895; x_wconf 92' lang='lat' dir='ltr'>VI</span> <span class='ocrx_word' id='word_1_52' title='bbox 1357 841 1383 891; x_wconf 91' lang='lat'>1</span> <span class='ocrx_word' id='word_1_53' title='bbox 1422 839 1505 892; x_wconf 81' lang='lat' dir='ltr'>uti</span> <span class='ocrx_word' id='word_1_54' title='bbox 1541 798 1653 893; x_wconf 65' lang='lat' dir='ltr'>fors</span> <span class='ocrx_word' id='word_1_55' title='bbox 1690 840 1890 894; x_wconf 76' lang='lat' dir='ltr'>tulerat</span> 
     </span>
     <span class='ocr_line' id='line_1_14' title="bbox 475 910 1949 981; baseline -0.004 -12"><span class='ocrx_word' id='word_1_56' title='bbox 475 916 536 981; x_wconf 84' lang='lat'>3)</span> <span class='ocrx_word' id='word_1_57' title='bbox 586 914 681 969; x_wconf 90' lang='lat' dir='ltr'>ubi</span> <span class='ocrx_word' id='word_1_58' title='bbox 727 930 877 967; x_wconf 87' lang='lat' dir='ltr'>mare</span> <span class='ocrx_word' id='word_1_59' title='bbox 924 927 1181 980; x_wconf 87' lang='lat' dir='ltr'>magnum</span> <span class='ocrx_word' id='word_1_60' title='bbox 1238 910 1292 962; x_wconf 91' lang='lat'>11</span> <span class='ocrx_word' id='word_1_61' title='bbox 1347 913 1380 962; x_wconf 89' lang='grc'><strong>7</strong></span> <span class='ocrx_word' id='word_1_62' title='bbox 1437 910 1534 964; x_wconf 87' lang='lat' dir='ltr'>ubi</span> <span class='ocrx_word' id='word_1_63' title='bbox 1588 951 1601 964; x_wconf 92' lang='lat'>.</span> <span class='ocrx_word' id='word_1_64' title='bbox 1650 950 1664 964; x_wconf 91' lang='lat'>.</span> <span class='ocrx_word' id='word_1_65' title='bbox 1701 946 1716 962; x_wconf 85' lang='lat'><strong>.</strong></span> <span class='ocrx_word' id='word_1_66' title='bbox 1774 912 1949 966; x_wconf 73' lang='lat' dir='ltr'>ventis</span> 
     </span>
     <span class='ocr_line' id='line_1_15' title="bbox 436 982 1947 1041; baseline -0.003 -1"><span class='ocrx_word' id='word_1_67' title='bbox 436 1003 553 1041; x_wconf 79' lang='lat' dir='ltr'>esse</span> <span class='ocrx_word' id='word_1_68' title='bbox 616 991 673 1041; x_wconf 75' lang='lat' dir='ltr'>et</span> <span class='ocrx_word' id='word_1_69' title='bbox 739 986 944 1040; x_wconf 82' lang='lat' dir='ltr'>saevire</span> <span class='ocrx_word' id='word_1_70' title='bbox 1006 983 1183 1037; x_wconf 79' lang='lat' dir='ltr'>ventis</span> <span class='ocrx_word' id='word_1_71' title='bbox 1205 982 1615 1036; x_wconf 73' lang='lat' dir='ltr'>adversantibus</span> <span class='ocrx_word' id='word_1_72' title='bbox 1680 999 1830 1037; x_wconf 86' lang='lat' dir='ltr'>mare</span> <span class='ocrx_word' id='word_1_73' title='bbox 1891 984 1947 1035; x_wconf 92' lang='lat' dir='ltr'>in</span> 
     </span>
     <span class='ocr_line' id='line_1_16' title="bbox 412 1052 1949 1137; baseline -0.003 -24"><span class='ocrx_word' id='word_1_74' title='bbox 412 1059 620 1129; x_wconf 73' lang='lat' dir='ltr'>’coepit</span> <span class='ocrx_word' id='word_1_75' title='bbox 1205 1052 1343 1135; x_wconf 45' lang='lat' dir='ltr'>dies·</span> <span class='ocrx_word' id='word_1_76' title='bbox 1401 1054 1578 1123; x_wconf 80' lang='lat' dir='ltr'>magia</span> <span class='ocrx_word' id='word_1_77' title='bbox 1651 1056 1949 1137; x_wconf 34' lang='lat' dir='ltr'>‘magisque</span> 
     </span>
     <span class='ocr_line' id='line_1_17' title="bbox 472 1130 1692 1252; baseline -0.003 0"><span class='ocrx_word' id='word_1_78' title='bbox 472 1200 551 1252; x_wconf 73' lang='lat' dir='ltr'>ita</span> <span class='ocrx_word' id='word_1_79' title='bbox 585 1197 749 1252; x_wconf 81' lang='lat' dir='ltr'>facies</span> <span class='ocrx_word' id='word_1_80' title='bbox 785 1196 1029 1250; x_wconf 88' lang='lat' dir='ltr'>locorum</span> <span class='ocrx_word' id='word_1_81' title='bbox 1056 1214 1180 1250; x_wconf 86' lang='lat' dir='ltr'>cum</span> <span class='ocrx_word' id='word_1_82' title='bbox 1203 1141 1408 1180; x_wconf 48' lang='lat' dir='ltr'><strong>saevae</strong></span> <span class='ocrx_word' id='word_1_83' title='bbox 1441 1130 1692 1194; x_wconf 53' lang='lat' dir='ltr'>occoePst&#39;</span> 
     </span>
    </p>
   </div>
   <div class='ocr_carea' id='block_1_6' title="bbox 434 1206 2713 1326">
    <p class='ocr_par' dir='ltr' id='par_1_6' title="bbox 434 1206 2713 1326">
     <span class='ocr_line' id='line_1_18' title="bbox 434 1206 2713 1326; baseline -0.026 0"><span class='ocrx_word' id='word_1_84' title='bbox 434 1271 611 1326; x_wconf 78' lang='lat' dir='ltr'>ventis</span> <span class='ocrx_word' id='word_1_85' title='bbox 647 1267 807 1323; x_wconf 79' lang='lat' dir='ltr'>simul</span> <span class='ocrx_word' id='word_1_86' title='bbox 843 1272 1084 1323; x_wconf 81' lang='lat' dir='ltr'>mutatur</span> <span class='ocrx_word' id='word_1_87' title='bbox 2002 1207 2051 1260; x_wconf 83' lang='lat' dir='ltr'>D</span> <span class='ocrx_word' id='word_1_88' title='bbox 2086 1206 2113 1260; x_wconf 84' lang='grc' dir='ltr'>Ῑ</span> <span class='ocrx_word' id='word_1_89' title='bbox 2149 1210 2200 1275; x_wconf 75' lang='lat'>3²</span> <span class='ocrx_word' id='word_1_90' title='bbox 2242 1209 2275 1262; x_wconf 83' lang='lat'>4</span> <span class='ocrx_word' id='word_1_91' title='bbox 2311 1208 2511 1276; x_wconf 69' lang='lat' dir='ltr'>qUiPPO</span> <span class='ocrx_word' id='word_1_92' title='bbox 2546 1208 2713 1262; x_wconf 58' lang='lat' dir='ltr'>imfla-</span> 
     </span>
    </p>
   </div>
   <div class='ocr_carea' id='block_1_7' title="bbox 1969 1279 2712 1405">
    <p class='ocr_par' dir='ltr' id='par_1_7' title="bbox 1969 1279 2712 1405">
     <span class='ocr_line' id='line_1_19' title="bbox 1970 1279 2710 1333; baseline 0.001 -2"><span class='ocrx_word' id='word_1_93' title='bbox 1970 1279 2066 1331; x_wconf 84' lang='lat' dir='ltr'>bili</span> <span class='ocrx_word' id='word_1_94' title='bbox 2102 1279 2224 1332; x_wconf 90' lang='lat' dir='ltr'>loco</span> <span class='ocrx_word' id='word_1_95' title='bbox 2257 1281 2534 1333; x_wconf 78' lang='lat' dir='ltr'><strong>arentibus</strong></span> <span class='ocrx_word' id='word_1_96' title='bbox 2557 1279 2710 1333; x_wconf 87' lang='lat' dir='ltr'>hare-</span> 
     </span>
     <span class='ocr_line' id='line_1_20' title="bbox 1969 1350 2712 1405; baseline 0.003 -3"><span class='ocrx_word' id='word_1_97' title='bbox 1969 1350 2048 1403; x_wconf 80' lang='lat' dir='ltr'>nis</span> <span class='ocrx_word' id='word_1_98' title='bbox 2113 1351 2184 1404; x_wconf 91' lang='lat' dir='ltr'>ad</span> <span class='ocrx_word' id='word_1_99' title='bbox 2240 1368 2456 1405; x_wconf 90' lang='lat' dir='ltr'>omnem</span> <span class='ocrx_word' id='word_1_100' title='bbox 2499 1355 2712 1404; x_wconf 75' lang='lat' dir='ltr'>motum</span> 
     </span>
    </p>
   </div>
   <div class='ocr_carea' id='block_1_8' title="bbox 771 1422 2603 1537">
    <p class='ocr_par' dir='ltr' id='par_1_8' title="bbox 771 1422 2603 1537">
     <span class='ocr_line' id='line_1_21' title="bbox 771 1422 2603 1537; baseline 0 -61"><span class='ocrx_word' id='word_1_101' title='bbox 771 1484 842 1537; x_wconf 69' lang='lat'>79</span> <span class='ocrx_word' id='word_1_102' title='bbox 1969 1425 2248 1476; x_wconf 76' lang='lat' dir='ltr'>ventorum</span> <span class='ocrx_word' id='word_1_103' title='bbox 2286 1422 2603 1478; x_wconf 75' lang='lat' dir='ltr'>cedentibus</span> 
     </span>
    </p>
   </div>
   <div class='ocr_carea' id='block_1_9' title="bbox 432 1552 1179 1755">
    <p class='ocr_par' dir='ltr' id='par_1_9' title="bbox 432 1552 1179 1755">
     <span class='ocr_line' id='line_1_22' title="bbox 475 1552 1179 1622; baseline -0.004 -14"><span class='ocrx_word' id='word_1_104' title='bbox 475 1553 528 1622; x_wconf 93' lang='lat'>1)</span> <span class='ocrx_word' id='word_1_105' title='bbox 571 1558 657 1608; x_wconf 74' lang='lat' dir='ltr'>set</span> <span class='ocrx_word' id='word_1_106' title='bbox 692 1553 946 1622; x_wconf 90' lang='lat' dir='ltr'>quoniam</span> <span class='ocrx_word' id='word_1_107' title='bbox 982 1552 1039 1605; x_wconf 91' lang='lat' dir='ltr'>in</span> <span class='ocrx_word' id='word_1_108' title='bbox 1081 1594 1092 1606; x_wconf 93' lang='lat'><strong>.</strong></span> <span class='ocrx_word' id='word_1_109' title='bbox 1122 1592 1134 1605; x_wconf 92' lang='lat'>.</span> <span class='ocrx_word' id='word_1_110' title='bbox 1167 1593 1179 1605; x_wconf 93' lang='lat'>.</span> 
     </span>
     <span class='ocr_line' id='line_1_23' title="bbox 432 1625 1177 1694; baseline -0.004 -14"><span class='ocrx_word' id='word_1_111' title='bbox 432 1627 697 1690; x_wconf 78' lang='lat' dir='ltr'>venimus,</span> <span class='ocrx_word' id='word_1_112' title='bbox 751 1643 860 1679; x_wconf 90' lang='lat' dir='ltr'>non</span> <span class='ocrx_word' id='word_1_113' title='bbox 895 1625 1177 1694; x_wconf 86' lang='lat' dir='ltr'>indignum</span> 
     </span>
     <span class='ocr_line' id='line_1_24' title="bbox 433 1698 1144 1755; baseline -0.006 -1"><span class='ocrx_word' id='word_1_114' title='bbox 433 1698 650 1755; x_wconf 78' lang='lat' dir='ltr'>videtur</span> <span class='ocrx_word' id='word_1_115' title='bbox 688 1738 700 1752; x_wconf 91' lang='lat'><strong>.</strong></span> <span class='ocrx_word' id='word_1_116' title='bbox 740 1735 754 1751; x_wconf 88' lang='lat'><strong>.</strong></span> <span class='ocrx_word' id='word_1_117' title='bbox 797 1738 809 1751; x_wconf 91' lang='lat'><em>.</em></span> <span class='ocrx_word' id='word_1_118' title='bbox 841 1714 1144 1751; x_wconf 85' lang='lat' dir='ltr'>memorare</span> 
     </span>
    </p>
   </div>
   <div class='ocr_carea' id='block_1_10' title="bbox 1961 1563 2710 2348">
    <p class='ocr_par' dir='ltr' id='par_1_10' title="bbox 1961 1563 2710 1918">
     <span class='ocr_line' id='line_1_25' title="bbox 2001 1563 2708 1627; baseline -0.003 -9"><span class='ocrx_word' id='word_1_119' title='bbox 2001 1563 2041 1618; x_wconf 80' lang='lat' dir='ltr'>G</span> <span class='ocrx_word' id='word_1_120' title='bbox 2077 1565 2104 1617; x_wconf 98' lang='lat' dir='ltr'>I</span> <span class='ocrx_word' id='word_1_121' title='bbox 2145 1567 2195 1627; x_wconf 93' lang='lat'>1,</span> <span class='ocrx_word' id='word_1_122' title='bbox 2244 1567 2276 1618; x_wconf 89' lang='grc'><strong>3</strong></span> <span class='ocrx_word' id='word_1_123' title='bbox 2315 1564 2489 1618; x_wconf 83' lang='lat' dir='ltr'>visum</span> <span class='ocrx_word' id='word_1_124' title='bbox 2526 1566 2708 1618; x_wconf 77' lang='lat' dir='ltr'>autem</span> 
     </span>
     <span class='ocr_line' id='line_1_26' title="bbox 1963 1636 2708 1704; baseline 0 -16"><span class='ocrx_word' id='word_1_125' title='bbox 1963 1636 2099 1689; x_wconf 83' lang='lat' dir='ltr'>mihi</span> <span class='ocrx_word' id='word_1_126' title='bbox 2136 1641 2219 1690; x_wconf 79' lang='lat' dir='ltr'>est</span> <span class='ocrx_word' id='word_1_127' title='bbox 2256 1654 2365 1690; x_wconf 91' lang='lat' dir='ltr'>non</span> <span class='ocrx_word' id='word_1_128' title='bbox 2393 1636 2708 1704; x_wconf 82' lang='lat' dir='ltr'>absurdum,</span> 
     </span>
     <span class='ocr_line' id='line_1_27' title="bbox 1963 1724 2710 1777; baseline -0.003 -16"><span class='ocrx_word' id='word_1_129' title='bbox 1963 1726 2086 1761; x_wconf 91' lang='lat' dir='ltr'>cum</span> <span class='ocrx_word' id='word_1_130' title='bbox 2143 1725 2310 1777; x_wconf 88' lang='lat' dir='ltr'>usque</span> <span class='ocrx_word' id='word_1_131' title='bbox 2369 1747 2383 1761; x_wconf 91' lang='lat'><strong>.</strong></span> <span class='ocrx_word' id='word_1_132' title='bbox 2422 1748 2435 1762; x_wconf 90' lang='lat'><strong>.</strong></span> <span class='ocrx_word' id='word_1_133' title='bbox 2475 1748 2488 1761; x_wconf 90' lang='lat'><strong>.</strong></span> <span class='ocrx_word' id='word_1_134' title='bbox 2542 1724 2710 1761; x_wconf 87' lang='lat' dir='ltr'>cucur</span> 
     </span>
     <span class='ocr_line' id='line_1_28' title="bbox 1964 1780 2702 1845; baseline -0.001 -13"><span class='ocrx_word' id='word_1_135' title='bbox 1964 1780 2168 1845; x_wconf 62' lang='lat' dir='ltr'>desem,</span> <span class='ocrx_word' id='word_1_136' title='bbox 2198 1780 2363 1834; x_wconf 75' lang='lat' dir='ltr'>etiam</span> <span class='ocrx_word' id='word_1_137' title='bbox 2393 1818 2405 1832; x_wconf 91' lang='lat'><strong>.</strong></span> <span class='ocrx_word' id='word_1_138' title='bbox 2428 1819 2440 1834; x_wconf 87' lang='lat'><strong>.</strong></span> <span class='ocrx_word' id='word_1_139' title='bbox 2466 1821 2477 1833; x_wconf 89' lang='lat'><strong>.</strong></span> <span class='ocrx_word' id='word_1_140' title='bbox 2510 1795 2702 1833; x_wconf 90' lang='lat' dir='ltr'>conec·</span> 
     </span>
     <span class='ocr_line' id='line_1_29' title="bbox 1961 1850 2709 1918; baseline -0.001 -14"><span class='ocrx_word' id='word_1_141' title='bbox 1961 1857 2093 1905; x_wconf 77' lang='lat' dir='ltr'>tere.</span> <span class='ocrx_word' id='word_1_142' title='bbox 2166 1852 2214 1904; x_wconf 95' lang='lat' dir='ltr'>D</span> <span class='ocrx_word' id='word_1_143' title='bbox 2252 1852 2305 1904; x_wconf 91' lang='lat'>11</span> <span class='ocrx_word' id='word_1_144' title='bbox 2342 1854 2395 1918; x_wconf 91' lang='grc'>6,</span> <span class='ocrx_word' id='word_1_145' title='bbox 2439 1854 2463 1904; x_wconf 93' lang='grc'>1</span> <span class='ocrx_word' id='word_1_146' title='bbox 2502 1855 2559 1903; x_wconf 65' lang='lat' dir='ltr'>ei,</span> <span class='ocrx_word' id='word_1_147' title='bbox 2581 1850 2709 1918; x_wconf 87' lang='lat' dir='ltr'>quia</span> 
     </span>
    </p>

    <p class='ocr_par' dir='ltr' id='par_1_11' title="bbox 1961 1923 2708 2120">
     <span class='ocr_line' id='line_1_30' title="bbox 2018 1923 2708 1990; baseline -0.001 -15"><span class='ocrx_word' id='word_1_148' title='bbox 2018 1963 2032 1975; x_wconf 86' lang='lat'><strong>.</strong></span> <span class='ocrx_word' id='word_1_149' title='bbox 2070 1963 2082 1975; x_wconf 93' lang='lat'>.</span> <span class='ocrx_word' id='word_1_150' title='bbox 2137 1925 2306 1975; x_wconf 80' lang='lat' dir='ltr'>semel</span> <span class='ocrx_word' id='word_1_151' title='bbox 2356 1923 2590 1990; x_wconf 82' lang='lat' dir='ltr'>ingressi</span> <span class='ocrx_word' id='word_1_152' title='bbox 2624 1939 2708 1974; x_wconf 82' lang='lat' dir='ltr'>su-</span> 
     </span>
     <span class='ocr_line' id='line_1_31' title="bbox 1962 1995 2706 2065; baseline -0.001 -19"><span class='ocrx_word' id='word_1_153' title='bbox 1962 2011 2099 2065; x_wconf 81' lang='lat' dir='ltr'>mus,</span> <span class='ocrx_word' id='word_1_154' title='bbox 2134 1995 2263 2048; x_wconf 80' lang='lat' dir='ltr'>licet</span> <span class='ocrx_word' id='word_1_155' title='bbox 2286 2032 2299 2046; x_wconf 90' lang='lat'><em>.</em></span> <span class='ocrx_word' id='word_1_156' title='bbox 2329 2033 2342 2046; x_wconf 93' lang='lat'>.</span> <span class='ocrx_word' id='word_1_157' title='bbox 2368 2035 2381 2049; x_wconf 90' lang='lat'><em>.</em></span> <span class='ocrx_word' id='word_1_158' title='bbox 2404 1998 2706 2048; x_wconf 79' lang='lat' dir='ltr'><strong>conectam.</strong></span> 
     </span>
     <span class='ocr_line' id='line_1_32' title="bbox 1961 2065 2350 2120; baseline -0.003 -1"><span class='ocrx_word' id='word_1_159' title='bbox 1961 2065 2059 2119; x_wconf 90' lang='lat' dir='ltr'>csr.</span> <span class='ocrx_word' id='word_1_160' title='bbox 2096 2067 2154 2118; x_wconf 93' lang='lat' dir='ltr'>M</span> <span class='ocrx_word' id='word_1_161' title='bbox 2191 2069 2279 2120; x_wconf 86' lang='lat'>22.</span> <span class='ocrx_word' id='word_1_162' title='bbox 2316 2066 2350 2118; x_wconf 83' lang='lat'><strong>6</strong></span> 
     </span>
    </p>

    <p class='ocr_par' dir='ltr' id='par_1_12' title="bbox 1961 2137 2705 2348">
     <span class='ocr_line' id='line_1_33' title="bbox 1996 2137 2705 2205; baseline -0.004 -16"><span class='ocrx_word' id='word_1_163' title='bbox 1996 2137 2044 2189; x_wconf 94' lang='lat' dir='ltr'>D</span> <span class='ocrx_word' id='word_1_164' title='bbox 2081 2137 2106 2189; x_wconf 90' lang='grc' dir='ltr'>Ι</span> <span class='ocrx_word' id='word_1_165' title='bbox 2145 2140 2196 2205; x_wconf 87' lang='lat'>3,</span> <span class='ocrx_word' id='word_1_166' title='bbox 2248 2140 2283 2189; x_wconf 88' lang='lat'>4</span> <span class='ocrx_word' id='word_1_167' title='bbox 2317 2140 2599 2189; x_wconf 77' lang='lat' dir='ltr'>ventorum</span> <span class='ocrx_word' id='word_1_168' title='bbox 2640 2151 2705 2187; x_wconf 90' lang='lat' dir='ltr'>ea</span> 
     </span>
     <span class='ocr_line' id='line_1_34' title="bbox 1964 2206 2704 2275; baseline -0.003 -15"><span class='ocrx_word' id='word_1_169' title='bbox 1964 2208 2040 2260; x_wconf 82' lang='lat' dir='ltr'>vis</span> <span class='ocrx_word' id='word_1_170' title='bbox 2077 2213 2176 2274; x_wconf 80' lang='lat' dir='ltr'>est,</span> <span class='ocrx_word' id='word_1_171' title='bbox 2210 2212 2272 2260; x_wconf 70' lang='lat' dir='ltr'>ut</span> <span class='ocrx_word' id='word_1_172' title='bbox 2306 2206 2481 2275; x_wconf 82' lang='lat' dir='ltr'>magis</span> <span class='ocrx_word' id='word_1_173' title='bbox 2518 2207 2704 2260; x_wconf 83' lang='lat' dir='ltr'>inillis</span> 
     </span>
     <span class='ocr_line' id='line_1_35' title="bbox 1961 2277 2704 2348; baseline -0.003 -16"><span class='ocrx_word' id='word_1_174' title='bbox 1961 2281 2120 2332; x_wconf 79' lang='lat' dir='ltr'>terris</span> <span class='ocrx_word' id='word_1_175' title='bbox 2140 2298 2304 2348; x_wconf 89' lang='lat' dir='ltr'>quam</span> <span class='ocrx_word' id='word_1_176' title='bbox 2340 2281 2394 2332; x_wconf 89' lang='lat' dir='ltr'>in</span> <span class='ocrx_word' id='word_1_177' title='bbox 2432 2279 2543 2332; x_wconf 88' lang='lat' dir='ltr'>ullo</span> <span class='ocrx_word' id='word_1_178' title='bbox 2566 2277 2704 2331; x_wconf 87' lang='lat' dir='ltr'>mari</span> 
     </span>
    </p>
   </div>
   <div class='ocr_carea' id='block_1_11' title="bbox 465 2352 2705 2478">
    <p class='ocr_par' dir='ltr' id='par_1_13' title="bbox 465 2352 2705 2478">
     <span class='ocr_line' id='line_1_36' title="bbox 465 2352 2705 2478; baseline -0.003 -14"><span class='ocrx_word' id='word_1_179' title='bbox 465 2410 520 2477; x_wconf 88' lang='lat'>8)</span> <span class='ocrx_word' id='word_1_180' title='bbox 569 2409 847 2478; x_wconf 71' lang='lat' dir='ltr'>optionem</span> <span class='ocrx_word' id='word_1_181' title='bbox 893 2406 1172 2477; x_wconf 69' lang='lat' dir='ltr'>Carthagi·</span> <span class='ocrx_word' id='word_1_182' title='bbox 1228 2405 1255 2459; x_wconf 99' lang='grc' dir='ltr'>Ι</span> <span class='ocrx_word' id='word_1_183' title='bbox 1298 2410 1361 2461; x_wconf 92' lang='grc'>10</span> <span class='ocrx_word' id='word_1_184' title='bbox 1397 2406 1674 2477; x_wconf 69' lang='lat' dir='ltr'>optionem</span> <span class='ocrx_word' id='word_1_185' title='bbox 1700 2404 1938 2460; x_wconf 82' lang='lat' dir='ltr'>Helenae</span> <span class='ocrx_word' id='word_1_186' title='bbox 1959 2352 2319 2478; x_wconf 48' lang='lat' dir='ltr'>ngasffagffimss</span> <span class='ocrx_word' id='word_1_187' title='bbox 2333 2355 2549 2475; x_wconf 37' lang='lat' dir='ltr'>⁸331&amp;st</span> <span class='ocrx_word' id='word_1_188' title='bbox 2599 2419 2705 2474; x_wconf 64' lang='lat' dir='ltr'>sibi</span> 
     </span>
    </p>
   </div>
   <div class='ocr_carea' id='block_1_12' title="bbox 424 2478 2701 2764">
    <p class='ocr_par' dir='ltr' id='par_1_14' title="bbox 424 2478 2701 2764">
     <span class='ocr_line' id='line_1_37' title="bbox 427 2478 2701 2563; baseline -0.005 -26"><span class='ocrx_word' id='word_1_189' title='bbox 427 2483 696 2537; x_wconf 82' lang='lat' dir='ltr'>niensium</span> <span class='ocrx_word' id='word_1_190' title='bbox 733 2481 939 2534; x_wconf 75' lang='lat' dir='ltr'>faciunt</span> <span class='ocrx_word' id='word_1_191' title='bbox 1193 2478 1353 2532; x_wconf 78' lang='lat' dir='ltr'>offert</span> <span class='ocrx_word' id='word_1_192' title='bbox 1960 2495 2180 2563; x_wconf 59' lang='lat' dir='ltr'>optione</span> <span class='ocrx_word' id='word_1_193' title='bbox 2227 2494 2326 2548; x_wconf 50' lang='lat' dir='ltr'><strong>cfr·</strong></span> <span class='ocrx_word' id='word_1_194' title='bbox 2375 2493 2414 2547; x_wconf 74' lang='grc' dir='ltr'>Ο</span> <span class='ocrx_word' id='word_1_195' title='bbox 2452 2493 2506 2545; x_wconf 84' lang='lat'>11</span> <span class='ocrx_word' id='word_1_196' title='bbox 2548 2496 2630 2547; x_wconf 52' lang='lat'>10,</span> <span class='ocrx_word' id='word_1_197' title='bbox 2676 2495 2701 2546; x_wconf 82' lang='lat'>1</span> 
     </span>
     <span class='ocr_line' id='line_1_38' title="bbox 473 2555 1938 2690; baseline -0.007 -11"><span class='ocrx_word' id='word_1_198' title='bbox 473 2626 530 2690; x_wconf 83' lang='lat'>2)</span> <span class='ocrx_word' id='word_1_199' title='bbox 579 2555 911 2678; x_wconf 42' lang='lat' dir='ltr'>consuegfgcit</span> <span class='ocrx_word' id='word_1_200' title='bbox 956 2620 1170 2674; x_wconf 81' lang='lat' dir='ltr'>Ordines</span> <span class='ocrx_word' id='word_1_201' title='bbox 1227 2622 1280 2677; x_wconf 93' lang='lat' dir='ltr'>II</span> <span class='ocrx_word' id='word_1_202' title='bbox 1314 2625 1385 2677; x_wconf 88' lang='grc'>46</span> <span class='ocrx_word' id='word_1_203' title='bbox 1436 2621 1666 2678; x_wconf 75' lang='lat' dir='ltr'>conferti</span> <span class='ocrx_word' id='word_1_204' title='bbox 1700 2620 1845 2675; x_wconf 75' lang='lat' dir='ltr'>inter</span> <span class='ocrx_word' id='word_1_205' title='bbox 1882 2636 1938 2673; x_wconf 77' lang='lat' dir='ltr'>se</span> 
     </span>
     <span class='ocr_line' id='line_1_39' title="bbox 424 2694 1937 2764; baseline -0.004 -14"><span class='ocrx_word' id='word_1_206' title='bbox 424 2694 627 2750; x_wconf 88' lang='lat' dir='ltr'>habere</span> <span class='ocrx_word' id='word_1_207' title='bbox 686 2735 696 2746; x_wconf 94' lang='lat'>.</span> <span class='ocrx_word' id='word_1_208' title='bbox 748 2731 762 2747; x_wconf 88' lang='lat'><strong>.</strong></span> <span class='ocrx_word' id='word_1_209' title='bbox 820 2735 834 2748; x_wconf 92' lang='lat'><strong>.</strong></span> <span class='ocrx_word' id='word_1_210' title='bbox 902 2694 1170 2762; x_wconf 83' lang='lat' dir='ltr'>inperium</span> <span class='ocrx_word' id='word_1_211' title='bbox 1192 2701 1353 2764; x_wconf 82' lang='lat' dir='ltr'>atque</span> <span class='ocrx_word' id='word_1_212' title='bbox 1372 2695 1617 2763; x_wconf 79' lang='lat' dir='ltr'>imperia</span> <span class='ocrx_word' id='word_1_213' title='bbox 1663 2695 1937 2749; x_wconf 75' lang='lat' dir='ltr'>servantes</span> 
     </span>
    </p>
   </div>
   <div class='ocr_carea' id='block_1_13' title="bbox 425 2769 715 2823">
    <p class='ocr_par' dir='ltr' id='par_1_15' title="bbox 425 2769 715 2823">
     <span class='ocr_line' id='line_1_40' title="bbox 425 2769 715 2823; baseline -0.014 0"><span class='ocrx_word' id='word_1_214' title='bbox 425 2769 715 2823; x_wconf 80' lang='lat' dir='ltr'>observare</span> 
     </span>
    </p>
   </div>
   <div class='ocr_carea' id='block_1_14' title="bbox 427 2122 1175 2337">
    <p class='ocr_par' dir='ltr' id='par_1_16' title="bbox 427 2122 1175 2337">
     <span class='ocr_line' id='line_1_41' title="bbox 468 2122 1174 2192; baseline -0.004 -14"><span class='ocrx_word' id='word_1_215' title='bbox 468 2125 523 2192; x_wconf 87' lang='grc'>6)</span> <span class='ocrx_word' id='word_1_216' title='bbox 561 2127 803 2178; x_wconf 74' lang='lat' dir='ltr'>ceterum</span> <span class='ocrx_word' id='word_1_217' title='bbox 828 2122 967 2176; x_wconf 80' lang='lat' dir='ltr'>solet</span> <span class='ocrx_word' id='word_1_218' title='bbox 990 2123 1046 2176; x_wconf 90' lang='lat' dir='ltr'>in</span> <span class='ocrx_word' id='word_1_219' title='bbox 1068 2123 1174 2176; x_wconf 84' lang='lat' dir='ltr'>illis</span> 
     </span>
     <span class='ocr_line' id='line_1_42' title="bbox 427 2193 1175 2265; baseline -0.001 -15"><span class='ocrx_word' id='word_1_220' title='bbox 427 2196 562 2250; x_wconf 85' lang='lat' dir='ltr'>locis</span> <span class='ocrx_word' id='word_1_221' title='bbox 575 2200 869 2265; x_wconf 76' lang='lat' dir='ltr'>tempestas</span> <span class='ocrx_word' id='word_1_222' title='bbox 880 2193 1013 2249; x_wconf 75' lang='lat' dir='ltr'>haut</span> <span class='ocrx_word' id='word_1_223' title='bbox 1026 2212 1175 2249; x_wconf 78' lang='lat' dir='ltr'>secus</span> 
     </span>
     <span class='ocr_line' id='line_1_43' title="bbox 429 2267 1122 2337; baseline -0.001 -14"><span class='ocrx_word' id='word_1_224' title='bbox 429 2271 588 2337; x_wconf 78' lang='lat' dir='ltr'>atque</span> <span class='ocrx_word' id='word_1_225' title='bbox 627 2268 685 2321; x_wconf 90' lang='lat' dir='ltr'>in</span> <span class='ocrx_word' id='word_1_226' title='bbox 718 2267 856 2321; x_wconf 89' lang='lat' dir='ltr'>mari</span> <span class='ocrx_word' id='word_1_227' title='bbox 889 2269 1122 2322; x_wconf 82' lang='lat' dir='ltr'>retinere</span> 
     </span>
    </p>
   </div>
   <div class='ocr_carea' id='block_1_15' title="bbox 419 2835 2702 3465">
    <p class='ocr_par' dir='ltr' id='par_1_17' title="bbox 426 2835 2700 3035">
     <span class='ocr_line' id='line_1_44' title="bbox 466 2835 2700 2908; baseline -0 -15"><span class='ocrx_word' id='word_1_228' title='bbox 466 2842 522 2908; x_wconf 89' lang='grc'>4)</span> <span class='ocrx_word' id='word_1_229' title='bbox 559 2838 748 2892; x_wconf 80' lang='lat' dir='ltr'>foedus</span> <span class='ocrx_word' id='word_1_230' title='bbox 784 2841 841 2892; x_wconf 75' lang='lat' dir='ltr'>et</span> <span class='ocrx_word' id='word_1_231' title='bbox 874 2835 1169 2891; x_wconf 82' lang='lat' dir='ltr'>amicitiam</span> <span class='ocrx_word' id='word_1_232' title='bbox 1992 2839 2033 2893; x_wconf 85' lang='lat'><em>0</em></span> <span class='ocrx_word' id='word_1_233' title='bbox 2063 2838 2090 2892; x_wconf 99' lang='grc' dir='ltr'>Ι</span> <span class='ocrx_word' id='word_1_234' title='bbox 2116 2841 2203 2905; x_wconf 87' lang='grc'>39,</span> <span class='ocrx_word' id='word_1_235' title='bbox 2240 2839 2274 2891; x_wconf 80' lang='grc'>5</span> <span class='ocrx_word' id='word_1_236' title='bbox 2309 2836 2604 2892; x_wconf 75' lang='lat' dir='ltr'>amicitiam</span> <span class='ocrx_word' id='word_1_237' title='bbox 2629 2838 2700 2892; x_wconf 91' lang='lat' dir='ltr'>ab</span> 
     </span>
     <span class='ocr_line' id='line_1_45' title="bbox 426 2911 2595 3035; baseline -0.001 -69"><span class='ocrx_word' id='word_1_238' title='bbox 426 2911 662 2982; x_wconf 76' lang='lat' dir='ltr'>petitum</span> <span class='ocrx_word' id='word_1_239' title='bbox 744 2983 778 3035; x_wconf 75' lang='grc'>8</span> <span class='ocrx_word' id='word_1_240' title='bbox 1956 2928 2020 2965; x_wconf 94' lang='lat' dir='ltr'>eo</span> <span class='ocrx_word' id='word_1_241' title='bbox 2057 2911 2350 2977; x_wconf 78' lang='lat' dir='ltr'>foedusque</span> <span class='ocrx_word' id='word_1_242' title='bbox 2387 2911 2595 2978; x_wconf 78' lang='lat' dir='ltr'>petiere</span> 
     </span>
    </p>

    <p class='ocr_par' dir='ltr' id='par_1_18' title="bbox 420 3051 2701 3193">
     <span class='ocr_line' id='line_1_46' title="bbox 474 3051 2701 3122; baseline 0 -15"><span class='ocrx_word' id='word_1_243' title='bbox 474 3053 530 3121; x_wconf 82' lang='lat'>2)</span> <span class='ocrx_word' id='word_1_244' title='bbox 586 3069 749 3122; x_wconf 78' lang='lat' dir='ltr'>supra</span> <span class='ocrx_word' id='word_1_245' title='bbox 808 3052 1011 3105; x_wconf 82' lang='lat' dir='ltr'>bonum</span> <span class='ocrx_word' id='word_1_246' title='bbox 1078 3052 1172 3103; x_wconf 69' lang='lat' dir='ltr'>aut</span> <span class='ocrx_word' id='word_1_247' title='bbox 1224 3054 1301 3109; x_wconf 90' lang='lat' dir='ltr'>IV</span> <span class='ocrx_word' id='word_1_248' title='bbox 1329 3057 1391 3108; x_wconf 88' lang='grc'>13</span> <span class='ocrx_word' id='word_1_249' title='bbox 1412 3055 1560 3108; x_wconf 78' lang='lat' dir='ltr'>ultra</span> <span class='ocrx_word' id='word_1_250' title='bbox 1581 3054 1794 3109; x_wconf 86' lang='lat' dir='ltr'>virilem</span> <span class='ocrx_word' id='word_1_251' title='bbox 1819 3072 1934 3108; x_wconf 89' lang='lat' dir='ltr'>mo·</span> <span class='ocrx_word' id='word_1_252' title='bbox 1990 3054 2047 3107; x_wconf 88' lang='grc' dir='ltr'><strong>Μ</strong></span> <span class='ocrx_word' id='word_1_253' title='bbox 2074 3058 2126 3121; x_wconf 83' lang='grc'>2,</span> <span class='ocrx_word' id='word_1_254' title='bbox 2161 3056 2194 3108; x_wconf 88' lang='grc'>7</span> <span class='ocrx_word' id='word_1_255' title='bbox 2231 3052 2375 3108; x_wconf 75' lang='lat' dir='ltr'>ultra</span> <span class='ocrx_word' id='word_1_256' title='bbox 2401 3051 2701 3108; x_wconf 88' lang='lat' dir='ltr'>humanum</span> 
     </span>
     <span class='ocr_line' id='line_1_47' title="bbox 420 3124 2180 3193; baseline -0.001 -13"><span class='ocrx_word' id='word_1_257' title='bbox 420 3124 709 3180; x_wconf 78' lang='lat' dir='ltr'>honestum</span> <span class='ocrx_word' id='word_1_258' title='bbox 741 3124 1010 3193; x_wconf 79' lang='lat' dir='ltr'>perculsus</span> <span class='ocrx_word' id='word_1_259' title='bbox 1191 3126 1322 3179; x_wconf 91' lang='lat' dir='ltr'>dum</span> <span class='ocrx_word' id='word_1_260' title='bbox 1364 3167 1376 3180; x_wconf 92' lang='lat'><em>.</em></span> <span class='ocrx_word' id='word_1_261' title='bbox 1418 3164 1431 3178; x_wconf 92' lang='lat'><strong>.</strong></span> <span class='ocrx_word' id='word_1_262' title='bbox 1474 3167 1487 3180; x_wconf 92' lang='lat'>.</span> <span class='ocrx_word' id='word_1_263' title='bbox 1525 3132 1899 3181; x_wconf 78' lang='lat' dir='ltr'>consternatus</span> <span class='ocrx_word' id='word_1_264' title='bbox 1957 3126 2180 3180; x_wconf 89' lang='lat' dir='ltr'>modum</span> 
     </span>
    </p>

    <p class='ocr_par' dir='ltr' id='par_1_19' title="bbox 419 3195 2702 3465">
     <span class='ocr_line' id='line_1_48' title="bbox 484 3195 2702 3269; baseline -0.002 -17"><span class='ocrx_word' id='word_1_265' title='bbox 484 3200 536 3264; x_wconf 86' lang='lat'>3)</span> <span class='ocrx_word' id='word_1_266' title='bbox 602 3196 749 3264; x_wconf 88' lang='lat' dir='ltr'>quod</span> <span class='ocrx_word' id='word_1_267' title='bbox 822 3197 940 3264; x_wconf 79' lang='lat' dir='ltr'>jam</span> <span class='ocrx_word' id='word_1_268' title='bbox 1013 3195 1169 3262; x_wconf 70' lang='lat' dir='ltr'>parta</span> <span class='ocrx_word' id='word_1_269' title='bbox 1224 3198 1278 3251; x_wconf 91' lang='lat'>11</span> <span class='ocrx_word' id='word_1_270' title='bbox 1295 3201 1362 3251; x_wconf 84' lang='lat'>43</span> <span class='ocrx_word' id='word_1_271' title='bbox 1384 3199 1677 3253; x_wconf 80' lang='lat' dir='ltr'>saeviorob</span> <span class='ocrx_word' id='word_1_272' title='bbox 1693 3204 1934 3269; x_wconf 79' lang='lat' dir='ltr'>ereptam</span> <span class='ocrx_word' id='word_1_273' title='bbox 1991 3198 2031 3252; x_wconf 86' lang='lat' dir='ltr'>G</span> <span class='ocrx_word' id='word_1_274' title='bbox 2070 3197 2095 3250; x_wconf 94' lang='lat' dir='ltr'>I</span> <span class='ocrx_word' id='word_1_275' title='bbox 2134 3199 2230 3261; x_wconf 83' lang='lat'>51,</span> <span class='ocrx_word' id='word_1_276' title='bbox 2284 3199 2310 3250; x_wconf 88' lang='lat' dir='ltr'>l</span> <span class='ocrx_word' id='word_1_277' title='bbox 2361 3195 2595 3249; x_wconf 82' lang='lat' dir='ltr'>fremens</span> <span class='ocrx_word' id='word_1_278' title='bbox 2646 3198 2702 3247; x_wconf 73' lang='lat' dir='ltr'>et</span> 
     </span>
     <span class='ocr_line' id='line_1_49' title="bbox 419 3265 2702 3340; baseline -0.003 -17"><span class='ocrx_word' id='word_1_279' title='bbox 419 3268 650 3324; x_wconf 78' lang='lat' dir='ltr'>victoria</span> <span class='ocrx_word' id='word_1_280' title='bbox 685 3283 751 3320; x_wconf 87' lang='lat' dir='ltr'>ex</span> <span class='ocrx_word' id='word_1_281' title='bbox 783 3266 1032 3321; x_wconf 81' lang='lat' dir='ltr'>manibus</span> <span class='ocrx_word' id='word_1_282' title='bbox 1066 3265 1166 3318; x_wconf 83' lang='lat' dir='ltr'>eri·</span> <span class='ocrx_word' id='word_1_283' title='bbox 1189 3286 1219 3322; x_wconf 92' lang='lat' dir='ltr'>e</span> <span class='ocrx_word' id='word_1_284' title='bbox 1254 3271 1504 3325; x_wconf 78' lang='lat' dir='ltr'>manibus</span> <span class='ocrx_word' id='word_1_285' title='bbox 1543 3272 1774 3340; x_wconf 84' lang='lat' dir='ltr'>gloriam</span> <span class='ocrx_word' id='word_1_286' title='bbox 1956 3270 2239 3323; x_wconf 78' lang='lat' dir='ltr'>clamitans</span> <span class='ocrx_word' id='word_1_287' title='bbox 2319 3268 2513 3322; x_wconf 75' lang='lat' dir='ltr'>victori</span> <span class='ocrx_word' id='word_1_288' title='bbox 2596 3265 2702 3319; x_wconf 84' lang='lat' dir='ltr'>sibi</span> 
     </span>
     <span class='ocr_line' id='line_1_50' title="bbox 421 3340 2414 3465; baseline -0.002 -70"><span class='ocrx_word' id='word_1_289' title='bbox 421 3345 649 3410; x_wconf 75' lang='lat' dir='ltr'>peretur</span> <span class='ocrx_word' id='word_1_290' title='bbox 749 3411 820 3465; x_wconf 71' lang='lat'>83</span> <span class='ocrx_word' id='word_1_291' title='bbox 1958 3341 2237 3396; x_wconf 78' lang='lat' dir='ltr'>victoriam</span> <span class='ocrx_word' id='word_1_292' title='bbox 2275 3340 2414 3407; x_wconf 86' lang='lat' dir='ltr'>eripi</span> 
     </span>
    </p>
   </div>
   <div class='ocr_carea' id='block_1_16' title="bbox 461 3478 1934 3551">
    <p class='ocr_par' dir='ltr' id='par_1_20' title="bbox 461 3478 1934 3551">
     <span class='ocr_line' id='line_1_51' title="bbox 461 3478 1934 3551; baseline -0.001 -14"><span class='ocrx_word' id='word_1_293' title='bbox 461 3483 512 3551; x_wconf 89' lang='lat'>1)</span> <span class='ocrx_word' id='word_1_294' title='bbox 548 3481 753 3537; x_wconf 87' lang='lat' dir='ltr'>bellum</span> <span class='ocrx_word' id='word_1_295' title='bbox 794 3521 808 3535; x_wconf 90' lang='lat'><em>.</em></span> <span class='ocrx_word' id='word_1_296' title='bbox 849 3520 863 3535; x_wconf 92' lang='lat'><strong>.</strong></span> <span class='ocrx_word' id='word_1_297' title='bbox 901 3521 916 3536; x_wconf 92' lang='lat'><strong>.</strong></span> <span class='ocrx_word' id='word_1_298' title='bbox 964 3478 1167 3549; x_wconf 84' lang='lat' dir='ltr'>deponi</span> <span class='ocrx_word' id='word_1_299' title='bbox 1222 3482 1297 3536; x_wconf 89' lang='lat' dir='ltr'>IV</span> <span class='ocrx_word' id='word_1_300' title='bbox 1357 3487 1425 3538; x_wconf 85' lang='lat'>22</span> <span class='ocrx_word' id='word_1_301' title='bbox 1481 3501 1607 3537; x_wconf 89' lang='lat' dir='ltr'>cum</span> <span class='ocrx_word' id='word_1_302' title='bbox 1665 3482 1934 3536; x_wconf 80' lang='lat' dir='ltr'>mandatis</span> 
     </span>
    </p>
   </div>
   <div class='ocr_carea' id='block_1_17' title="bbox 743 3553 1666 3676">
    <p class='ocr_par' dir='ltr' id='par_1_21' title="bbox 743 3553 1666 3676">
     <span class='ocr_line' id='line_1_52' title="bbox 743 3553 1666 3676; baseline -0.003 -67"><span class='ocrx_word' id='word_1_303' title='bbox 743 3623 814 3676; x_wconf 73' lang='lat'>84</span> <span class='ocrx_word' id='word_1_304' title='bbox 1187 3555 1320 3609; x_wconf 90' lang='lat' dir='ltr'>belli</span> <span class='ocrx_word' id='word_1_305' title='bbox 1355 3553 1666 3624; x_wconf 88' lang='lat' dir='ltr'>deponendi</span> 
     </span>
    </p>
   </div>
   <div class='ocr_carea' id='block_1_18' title="bbox 476 3693 1164 3762">
    <p class='ocr_par' dir='ltr' id='par_1_22' title="bbox 476 3693 1164 3762">
     <span class='ocr_line' id='line_1_53' title="bbox 476 3693 1164 3762; baseline -0.004 -11"><span class='ocrx_word' id='word_1_306' title='bbox 476 3693 527 3762; x_wconf 92' lang='lat'>1)</span> <span class='ocrx_word' id='word_1_307' title='bbox 594 3697 713 3749; x_wconf 82' lang='lat' dir='ltr'>tum</span> <span class='ocrx_word' id='word_1_308' title='bbox 772 3710 900 3749; x_wconf 86' lang='lat' dir='ltr'>vero</span> <span class='ocrx_word' id='word_1_309' title='bbox 961 3694 1164 3749; x_wconf 75' lang='lat' dir='ltr'>multus</span> 
     </span>
    </p>
   </div>
   <div class='ocr_carea' id='block_1_19' title="bbox 416 3766 1003 3891">
    <p class='ocr_par' dir='ltr' id='par_1_23' title="bbox 416 3766 1003 3891">
     <span class='ocr_line' id='line_1_54' title="bbox 416 3766 1003 3891; baseline 0 -69"><span class='ocrx_word' id='word_1_310' title='bbox 416 3771 578 3837; x_wconf 77' lang='lat' dir='ltr'>atque</span> <span class='ocrx_word' id='word_1_311' title='bbox 616 3766 1003 3891; x_wconf 72' lang='lat' dir='ltr'>fer0185instare</span> 
     </span>
    </p>
   </div>
   <div class='ocr_carea' id='block_1_20' title="bbox 1953 3683 2701 3826">
    <p class='ocr_par' dir='ltr' id='par_1_24' title="bbox 1953 3683 2701 3826">
     <span class='ocr_line' id='line_1_55' title="bbox 1992 3683 2699 3749; baseline -0.001 -11"><span class='ocrx_word' id='word_1_312' title='bbox 1992 3683 2032 3738; x_wconf 86' lang='lat' dir='ltr'>C</span> <span class='ocrx_word' id='word_1_313' title='bbox 2067 3683 2123 3737; x_wconf 95' lang='lat' dir='ltr'>II</span> <span class='ocrx_word' id='word_1_314' title='bbox 2159 3685 2257 3749; x_wconf 85' lang='lat'>47,</span> <span class='ocrx_word' id='word_1_315' title='bbox 2311 3685 2343 3739; x_wconf 85' lang='lat'>5</span> <span class='ocrx_word' id='word_1_316' title='bbox 2398 3687 2517 3738; x_wconf 77' lang='lat' dir='ltr'>tum</span> <span class='ocrx_word' id='word_1_317' title='bbox 2570 3700 2699 3740; x_wconf 87' lang='lat' dir='ltr'>vero</span> 
     </span>
     <span class='ocr_line' id='line_1_56' title="bbox 1953 3757 2701 3826; baseline -0.001 -15"><span class='ocrx_word' id='word_1_318' title='bbox 1953 3757 2021 3811; x_wconf 90' lang='lat' dir='ltr'>Y.</span> <span class='ocrx_word' id='word_1_319' title='bbox 2036 3761 2197 3826; x_wconf 77' lang='lat' dir='ltr'>atque</span> <span class='ocrx_word' id='word_1_320' title='bbox 2219 3757 2272 3811; x_wconf 88' lang='lat' dir='ltr'>J.</span> <span class='ocrx_word' id='word_1_321' title='bbox 2296 3757 2473 3812; x_wconf 80' lang='lat' dir='ltr'>acrius</span> <span class='ocrx_word' id='word_1_322' title='bbox 2497 3758 2701 3813; x_wconf 76' lang='lat' dir='ltr'>instare</span> 
     </span>
    </p>
   </div>
   <div class='ocr_carea' id='block_1_21' title="bbox 412 3907 1930 4059">
    <p class='ocr_par' dir='ltr' id='par_1_25' title="bbox 412 3907 1930 4059">
     <span class='ocr_line' id='line_1_57' title="bbox 454 3907 1930 3977; baseline 0.001 -16"><span class='ocrx_word' id='word_1_323' title='bbox 454 3907 546 3977; x_wconf 77' lang='lat'>26)</span> <span class='ocrx_word' id='word_1_324' title='bbox 581 3926 706 3963; x_wconf 83' lang='lat' dir='ltr'>cum</span> <span class='ocrx_word' id='word_1_325' title='bbox 743 3908 995 3963; x_wconf 74' lang='lat' dir='ltr'>omnibus</span> <span class='ocrx_word' id='word_1_326' title='bbox 1030 3907 1163 3962; x_wconf 76' lang='lat' dir='ltr'>locis</span> <span class='ocrx_word' id='word_1_327' title='bbox 1221 3916 1276 3970; x_wconf 88' lang='lat'>11</span> <span class='ocrx_word' id='word_1_328' title='bbox 1329 3919 1398 3972; x_wconf 83' lang='lat'>29</span> <span class='ocrx_word' id='word_1_329' title='bbox 1443 3915 1502 3969; x_wconf 82' lang='lat' dir='ltr'>in</span> <span class='ocrx_word' id='word_1_330' title='bbox 1548 3930 1641 3969; x_wconf 79' lang='lat' dir='ltr'>ore</span> <span class='ocrx_word' id='word_1_331' title='bbox 1691 3913 1930 3968; x_wconf 83' lang='lat' dir='ltr'>omnium</span> 
     </span>
     <span class='ocr_line' id='line_1_58' title="bbox 412 3981 1930 4059; baseline 0.001 -25"><span class='ocrx_word' id='word_1_332' title='bbox 412 3997 608 4048; x_wconf 88' lang='lat' dir='ltr'>meque</span> <span class='ocrx_word' id='word_1_333' title='bbox 625 3998 826 4050; x_wconf 80' lang='lat' dir='ltr'>vosque</span> <span class='ocrx_word' id='word_1_334' title='bbox 859 3981 1163 4035; x_wconf 75' lang='lat' dir='ltr'>maledictis</span> <span class='ocrx_word' id='word_1_335' title='bbox 1184 3991 1464 4059; x_wconf 72' lang='lat' dir='ltr'>ipsumque</span> <span class='ocrx_word' id='word_1_336' title='bbox 1518 3992 1574 4042; x_wconf 76' lang='lat' dir='ltr'>et</span> <span class='ocrx_word' id='word_1_337' title='bbox 1626 3987 1930 4041; x_wconf 79' lang='lat' dir='ltr'>Menelaum</span> 
     </span>
    </p>
   </div>
   <div class='ocr_carea' id='block_1_22' title="bbox 414 4052 1837 4118">
    <p class='ocr_par' dir='ltr' id='par_1_26' title="bbox 414 4052 1837 4118">
     <span class='ocr_line' id='line_1_59' title="bbox 414 4052 1837 4118; baseline -0.001 -5"><span class='ocrx_word' id='word_1_338' title='bbox 414 4052 658 4106; x_wconf 66' lang='lat' dir='ltr'>lacerent</span> <span class='ocrx_word' id='word_1_339' title='bbox 1185 4062 1526 4118; x_wconf 78' lang='lat' dir='ltr'>contumeliis</span> <span class='ocrx_word' id='word_1_340' title='bbox 1561 4058 1837 4115; x_wconf 76' lang='lat' dir='ltr'>lacerabat</span> 
     </span>
    </p>
   </div>
   <div class='ocr_carea' id='block_1_23' title="bbox 449 4111 2697 4196">
    <p class='ocr_par' dir='ltr' id='par_1_27' title="bbox 449 4111 2697 4196">
     <span class='ocr_line' id='line_1_60' title="bbox 449 4111 2697 4196; baseline -0.006 -19"><span class='ocrx_word' id='word_1_341' title='bbox 449 4123 541 4192; x_wconf 86' lang='lat'>33)</span> <span class='ocrx_word' id='word_1_342' title='bbox 578 4122 909 4193; x_wconf 79' lang='lat' dir='ltr'>praesidium</span> <span class='ocrx_word' id='word_1_343' title='bbox 956 4124 1163 4196; x_wconf 78' lang='lat' dir='ltr'>agitare</span> <span class='ocrx_word' id='word_1_344' title='bbox 1989 4114 2030 4168; x_wconf 85' lang='lat' dir='ltr'>C</span> <span class='ocrx_word' id='word_1_345' title='bbox 2067 4113 2121 4167; x_wconf 96' lang='grc' dir='ltr'>ΙΙ</span> <span class='ocrx_word' id='word_1_346' title='bbox 2160 4117 2246 4177; x_wconf 80' lang='lat'>22,</span> <span class='ocrx_word' id='word_1_347' title='bbox 2293 4114 2326 4167; x_wconf 85' lang='lat'><strong>3</strong></span> <span class='ocrx_word' id='word_1_348' title='bbox 2365 4111 2697 4182; x_wconf 81' lang='lat' dir='ltr'>praesidium</span> 
     </span>
    </p>
   </div>
   <div class='ocr_carea' id='block_1_24' title="bbox 1953 4185 2701 4387">
    <p class='ocr_par' dir='ltr' id='par_1_28' title="bbox 1953 4185 2701 4387">
     <span class='ocr_line' id='line_1_61' title="bbox 1953 4185 2455 4254; baseline -0.006 -15"><span class='ocrx_word' id='word_1_349' title='bbox 1953 4185 2149 4239; x_wconf 76' lang='lat' dir='ltr'>armati</span> <span class='ocrx_word' id='word_1_350' title='bbox 2184 4185 2455 4254; x_wconf 81' lang='lat' dir='ltr'>agitarent</span> 
     </span>
     <span class='ocr_line' id='line_1_62' title="bbox 1990 4254 2701 4319; baseline 0 -9"><span class='ocrx_word' id='word_1_351' title='bbox 1990 4258 2038 4311; x_wconf 89' lang='lat' dir='ltr'><strong>E</strong></span> <span class='ocrx_word' id='word_1_352' title='bbox 2091 4256 2154 4319; x_wconf 91' lang='lat'>1,</span> <span class='ocrx_word' id='word_1_353' title='bbox 2214 4259 2281 4310; x_wconf 87' lang='lat'>10</span> <span class='ocrx_word' id='word_1_354' title='bbox 2334 4255 2479 4310; x_wconf 87' lang='lat' dir='ltr'>nuda</span> <span class='ocrx_word' id='word_1_355' title='bbox 2534 4254 2701 4310; x_wconf 88' lang='lat' dir='ltr'>humo</span> 
     </span>
     <span class='ocr_line' id='line_1_63' title="bbox 1956 4329 2545 4387; baseline -0.005 -2"><span class='ocrx_word' id='word_1_356' title='bbox 1956 4329 2156 4385; x_wconf 87' lang='lat' dir='ltr'>cubare</span> <span class='ocrx_word' id='word_1_357' title='bbox 2191 4330 2545 4387; x_wconf 78' lang='lat' dir='ltr'>consueverat</span> 
     </span>
    </p>
   </div>
   <div class='ocr_carea' id='block_1_25' title="bbox 411 4261 1163 4406">
    <p class='ocr_par' dir='ltr' id='par_1_29' title="bbox 411 4261 1163 4406">
     <span class='ocr_line' id='line_1_64' title="bbox 448 4261 1163 4349; baseline -0.004 -31"><span class='ocrx_word' id='word_1_358' title='bbox 448 4264 640 4349; x_wconf 72' lang='lat' dir='ltr'>doctus</span> <span class='ocrx_word' id='word_1_359' title='bbox 688 4282 810 4320; x_wconf 79' lang='lat' dir='ltr'>aum</span> <span class='ocrx_word' id='word_1_360' title='bbox 850 4305 864 4320; x_wconf 93' lang='lat'><strong>.</strong></span> <span class='ocrx_word' id='word_1_361' title='bbox 896 4306 910 4321; x_wconf 93' lang='lat'><strong>.</strong></span> <span class='ocrx_word' id='word_1_362' title='bbox 947 4303 963 4319; x_wconf 90' lang='lat'>.</span> <span class='ocrx_word' id='word_1_363' title='bbox 1012 4261 1163 4319; x_wconf 90' lang='lat' dir='ltr'>humi</span> 
     </span>
     <span class='ocr_line' id='line_1_65' title="bbox 411 4351 747 4406; baseline 0.003 -15"><span class='ocrx_word' id='word_1_364' title='bbox 411 4351 747 4406; x_wconf 68' lang='lat' dir='ltr'>requiescere</span> 
     </span>
    </p>
   </div>
  </div>
 </body>
</html>
