3000 4792
1429 135 1507 198 61

352 328 429 370 ex
470 303 537 369 Ο.
608 308 825 370 autem
891 304 1042 368 libri
1109 305 1405 369 nonnulli
1472 306 1823 371 exhibeant
1894 309 2272 399 »incolaeq
2313 316 2629 398 gravioris

349 410 752 494 corruptelae
798 410 1229 493 suspicionem
1271 431 1529 475 movere
1561 414 1832 494 possunt
1875 415 1942 475 et
1980 413 2250 481 fortasse
2281 420 2627 483 secundum

350 513 733 598 Septimium

690 617 756 682 Π
787 619 826 682 8
879 618 1025 701 »qui
1074 617 1396 681 mercandi
1441 618 1657 702 gratia
1701 641 1817 703 per
1862 641 2116 686 omnem
2140 621 2626 708 Hellespontum

692 725 1088 787 commutare
1172 742 1276 785 res
1349 743 1496 786 cum
1561 724 1798 787 accolis
1864 727 2026 790 sueti
2090 727 2261 792 ultro
2334 730 2626 814 citroque

689 826 1136 911 vagabantur«

347 933 440 995 ita
481 931 728 997 edenda
770 933 998 1009 erunt,
1062 932 1137 992 ut
1178 930 1501 994 scribatur
1550 932 1704 995 »ubi
1750 953 1895 997 cum
1940 934 2165 999 incolis
2211 958 2312 1000 res
2354 941 2625 1003 mercari

342 1035 807 1098 consueverant
834 1033 1044 1096 Italici
1076 1034 1331 1114 generis
1373 1034 1562 1097 multi
1609 1036 1981 1122 mortales»)
2009 1038 2267 1120 silentio
2301 1045 2625 1125 praetere·-

345 1158 543 1217 amus,
589 1140 761 1201 certe
788 1139 972 1219 'quae
1017 1139 1373 1218 sequuntur
1414 1136 1581 1200 »huc
1603 1139 1827 1203 consul
1848 1144 1969 1204 cet.
2011 1142 2230 1207 multis
2274 1143 2624 1209 dubitatio-

344 1242 534 1306 nibus
578 1239 1070 1333 obnoxia·sunt.
1158 1239 1257 1302 Ac
1300 1241 1580 1323 primum
1625 1243 1882 1324 quidem
1926 1244 2002 1308 de
2050 1247 2382 1311 codicibus
2427 1271 2621 1332 quae-

341 1347 634 1412 rentibus
709 1343 1028 1407 Jordanus
1093 1342 1162 1406 in
1229 1342 1323 1407 Po
1398 1347 1464 1407 et
1530 1343 1598 1409 Ο.
1686 1347 2084 1431 »temptandi
2148 1351 2357 1432 gratia
2405 1344 2500 1415 ‘et
2563 1353 2617 1417 si
2669 1395 2672 1398 »

343 1450 720 1533 paterentur
763 1447 1235 1531 oportunitates
1293 1448 1455 1512 loci«
1519 1449 1830 1533 scriptum
1888 1471 2021 1515 esse
2080 1456 2306 1517 auctor
2360 1457 2486 1530 θεὶς
2551 1456 2617 1520 in

342 1554 437 1618 Po
460 1554 483 1592 ¹
526 1555 740 1619 autem
780 1575 822 1616 a
866 1552 1075 1636 prima
1099 1575 1295 1617 manu
1323 1554 1676 1636 genitivum
1703 1554 2051 1638 singularis
2076 1559 2612 1640 »oportunitatis«

345 1658 717 1722 restitutum
791 1679 924 1721 esse
969 1655 1254 1722 Wirzius
1321 1659 1635 1729 testatum
1706 1658 2057 1723 deteriores
2122 1660 2400 1745 denique
2467 1664 2618 1727 libri

340 1766 488 1827 ante
537 1762 1086 1846 »oportunitates«
1147 1762 1691 1845 praepositionem
1753 1763 1881 1827 »ob
1925 1765 2038 1827 aut
2085 1766 2430 1848 »propter«
2481 1787 2619 1831 ver-

345 1869 570 1931 borum
612 1866 945 1931 contextui
975 1867 1284 1952 inserunt.
1372 1864 1523 1930 Jam
1554 1868 2067 1950 »oportunitas«,
2113 1869 2416 1951 quoniam
2446 1872 2616 1956 apud

338 1971 718 2036 Sallustium
776 1969 1010 2033 bonam
1078 1969 1398 2052 quandam
1460 1970 1971 2054 oportunitatem
2042 1972 2371 2053 exprimit,
2436 1973 2615 2037 nulla

338 2075 588 2139 ratione
631 2096 777 2138 cum
800 2075 996 2140 verbo
1026 2075 1479 2157 »paterentur«
1528 2075 1841 2157 conjungi
1878 2076 2109 2159 potest,
2157 2095 2302 2138 cum
2325 2078 2615 2160 quemvis

336 2180 548 2244 locum
593 2180 984 2262 oportunum
1028 2177 1418 2262 praesidium
1465 2178 1605 2261 pati
1649 2178 1818 2242 inter
1842 2201 2066 2244 omnes
2088 2182 2355 2245 constet.
2424 2181 2612 2246 Unde

335 2281 533 2345 verba
604 2283 698 2346 »si
762 2283 1176 2365 paterentur«
1258 2282 1337 2346 ad
1400 2280 1725 2365 Vagenses
1784 2283 2110 2368 pertinere
2178 2285 2243 2347 et
2313 2284 2394 2348 iis
2451 2307 2614 2368 quae

332 2383 726 2450 antecedunt
810 2385 1211 2467 »temptandi
1297 2386 1550 2469 gratia«
1640 2385 2092 2470 subjungenda
2171 2407 2306 2451 esse
2384 2388 2611 2453 elucet.

330 2489 709 2555 Rectissime
771 2490 946 2553 enim
1008 2488 1378 2554 Dietschius
1437 2511 1499 2573 p.
1550 2490 1665 2553 21:
1736 2491 2184 2575 »oportunitas
2243 2492 2370 2556 loci
2422 2514 2614 2556 causa

329 2594 484 2673 fuit,
543 2599 620 2659 ut
661 2593 958 2660 Metellus
1000 2594 1332 2678 Vagenses
1376 2596 1785 2679 potissimum
1829 2598 2217 2679 temptaret,
2287 2618 2427 2661 eam
2473 2599 2611 2661 tum

330 2698 663 2763 accessisse
708 2699 762 2762 si
791 2699 886 2762 illi
911 2701 1286 2781 paterentur
1329 2721 1704 2787 pervorsum
1742 2702 1904 2777 est«,
1952 2700 2056 2763 cui
2083 2700 2220 2764 viro
2246 2700 2322 2765 de
2348 2699 2612 2765 Sallusti

331 2800 591 2884 scriptis
637 2801 879 2885 optime
924 2802 1156 2866 merito
1204 2802 1486 2867 additam
1534 2806 1682 2887 post
1729 2804 2132 2888 »temptandi
2174 2804 2425 2887 gratia«
2462 2825 2610 2888 par-

328 2903 594 2968 ticulam
662 2908 805 2968 »et«
871 2927 950 2968 ex
1005 2906 1380 2988 ignorantia
1423 2905 1842 2969 librariorum
1862 2955 1877 2984 ,
1938 2906 2174 2989 quibus
2216 2927 2368 2970 usus
2410 2908 2612 2989 parti-

326 3007 519 3071 culae·
557 3009 691 3070 »si«
741 3010 888 3091 post
930 3009 1129 3072 verba
1172 3009 1552 3091 experiundi
1596 3011 1852 3091 ignotus
1897 3007 2153 3086 fuisset,
2218 3011 2429 3075 ortam
2473 3031 2608 3073 esse

325 3110 641 3174 statuenti
683 3110 964 3176 libenter
1007 3111 1343 3175 assentior.
1434 3109 1605 3174 Nam
1650 3110 1902 3175 etiamsi
1943 3111 2012 3174 in
2056 3110 2314 3194 scriptis
2341 3106 2606 3175 Sallusti

323 3234 489 3296 quae
547 3213 736 3278 nobis
794 3216 1172 3277 manserunt
1229 3215 1480 3277 nullum
1527 3214 1740 3278 exstat
1783 3213 2145 3298 exemplum
2166 3262 2183 3289 ,
2248 3214 2605 3289 imitatores

320 3321 541 3382 tamen
609 3338 792 3382 usum
859 3339 1006 3383 eum
1075 3317 1247 3383 haud
1312 3319 1530 3403 paucis
1593 3318 1980 3382 confirmant
2041 3317 2425 3383 testimoniis
2486 3319 2600 3385 cfr.

321 3422 403 3486 D.
448 3421 549 3487 Cr.
597 3421 694 3487 IV
740 3424 780 3486 9
839 3422 1221 3487 lacessentes
1266 3423 1320 3486 si
1366 3422 1677 3487 auderent
1721 3423 1801 3487 ad
1848 3421 2219 3487 bellandum
2266 3422 2598 3508 Troianos

320 3524 416 3590 IV
443 3527 523 3590 10
567 3528 932 3610 operientes
977 3527 1032 3592 si
1062 3528 1474 3611 egrederetur
1505 3525 1847 3591 Achillem.
1924 3525 2019 3592 IV
2044 3527 2124 3590 19
2161 3525 2601 3592 Alexandrum

318 3628 575 3693 lacessit
639 3632 692 3694 si
749 3632 1012 3696 auderet
1069 3634 1412 3716 sagittario
1471 3633 1853 3712 certamine,
1914 3630 1976 3697 V.
2025 3632 2057 3694 1
2129 3631 2431 3695 omnibus
2487 3652 2606 3695 ex«

317 3733 726 3815 pectantibus
771 3735 1012 3811 audire,
1058 3737 1111 3800 si
1157 3736 1302 3819 quis
1348 3737 1578 3801 modus
1621 3737 1825 3799 tantis
1857 3735 2044 3798 malis
2079 3733 2283 3800 fieret.
2360 3733 2428 3801 S.
2453 3733 2595 3799 Sev.

316 3836 382 3902 Ο.
408 3837 442 3903 Ι
467 3839 572 3917 54,
602 3838 642 3899 2
688 3840 983 3917 consulit,
1030 3841 1085 3904 si
1127 3842 1283 3923 quid
1329 3842 1468 3924 spei
1492 3840 1765 3905 forsitan
1791 3840 2167 3923 superesset.
2236 3837 2304 3902 Ο.
2328 3837 2395 3902 11
2417 3839 2522 3916 45,
2556 3841 2595 3904 3

314 3943 656 4027 opperiens
699 3943 1104 4026 imperatoris
1146 3946 1568 4022 voluntatem,
1616 3945 1670 4008 si
1713 3945 1990 4010 forsitan
2040 3988 2055 4003 .
2106 3991 2120 4004 .
2170 3992 2183 4005 .
2209 3943 2592 4026 juberetur.

320 4045 547 4128 Itaque
582 4047 849 4111 verbum
900 4051 1359 4130 ›paterentur‹
1413 4070 1546 4112 non
1594 4049 1673 4113 ad
1720 4045 2312 4133 »oportunitates«;
2358 4046 2470 4110 sed
2514 4046 2594 4110 ad

313 4145 636 4230 Vagenses
695 4151 1022 4233 pertinere
1085 4158 1151 4215 et
1202 4158 1353 4216 ‘cum
1398 4151 1610 4217 verbis
1679 4138 2078 4235 »temptandi
2139 4148 2389 4230 gratia«
2438 4169 2592 4213 con-

306 4252 706 4336 jungendum
752 4276 888 4319 esse
933 4277 1012 4319 ex
1056 4256 1490 4321 imitatoribus
1535 4254 1940 4320 Sallustianis
1983 4251 2137 4316 satis
2183 4250 2411 4313 elucet.
