3000 4792
1402 208 1463 273 -9

1275 380 1446 448 Dict.
1492 377 1594 446 Or.
2078 375 2144 444 S.
2191 374 2333 442 SeV.

506 383 660 451 Sall.
705 382 857 470 Jug.

346 615 402 699 β)
439 614 549 670 dux
581 618 742 683 atque
774 612 1054 683 inperator
1107 611 1160 664 II
1211 609 1301 665 35
1336 609 1446 665 dux
1500 613 1663 680 atque
1716 610 1816 665 im·
1837 587 1912 667 ‘C
1930 611 1985 665 11
2020 610 2142 681 4,1
2181 607 2319 662 duce
2338 608 2395 660 et
2429 619 2555 659 con·

307 687 452 742 vitae
486 686 800 741 mortalium
1073 686 1291 751 perator
1327 682 1554 736 militiae
1837 685 2066 740 citatore
2098 677 2485 751 conjurationis

344 758 416 812 ad.
450 758 682 828 gloriam
718 755 933 813 virtutis
965 753 1053 810 via
1107 755 1134 807 1
1184 757 1251 808 16
1287 771 1413 808 cum
1476 753 1558 809 ad.
1580 751 1814 824 gloriam

308 835 583 901 grassatur
1129 825 1496 881 ,festinarent

342 970 398 1054 32)
457 970 644 1041 ingeni
697 968 917 1039 egregia
970 966 1160 1022 fai-11
1201 970 1265 1023 19
1302 967 1525 1038 egregia
1569 967 1813 1023 laborum

307 1043 493 1098 cinora
1073 1041 1186 1110 ejus
1220 1038 1462 1096 facinora

292 1220 303 1224 -
345 1182 454 1253 3).
482 1188 809 1239 ‚extremae
836 1181 1052 1237 demen·
1107 1180 1185 1238 IV
1221 1183 1323 1234 32
1337 1182 1644 1249 postremae
1698 1179 1813 1234 des·
1872 1186 1912 1241 G
1933 1184 2091 1253 1.32,
2132 1187 2163 1238 3
2186 1181 2386 1254 plane
2370 1178 2570 1250 insigni

304 1257 414 1311 tiae
445 1259 554 1310 est.
593 1256 698 1309 nisi
719 1255 859 1309 forte
893 1270 1053 1322 quem
1073 1252 1367 1321 perationis
1377 1254 1538 1320 atque
1549 1251 1816 1306 amentiae
1836 1258 2084 1326 exemplo
2120 1255 2389 1308 amentiae
2424 1268 2577 1322 prae-

417 1326 654 1382 ,lubido
691 1330 833 1380 teest
866 1327 1055 1394 poten·
1835 1330 2062 1398 optabat
2112 1327 2436 1381 libertatem
2467 1340 2579 1378 ser-

307 1399 511 1454 tentiae
555 1412 861 1467 paucorum
890 1396 1055 1450 decus
1836 1400 1965 1456 vit-,io
2002 1402 2211 1454 mutare

306 1474 471 1539 atque
529 1469 843 1522 libertatem
902 1484 1053 1521 suam

306 1539 617 1611 gratificari.
656 1611 691 1664 4

347 1686 374 1736 1
434 1681 602 1751 sequ.)
681 1648 932 1736 (laterum
985 1696 1053 1734 ex
1868 1685 1943 1738 M.
2001 1687 2062 1752 1,
2125 1687 2223 1737 1—
2230 1686 2264 1737 2
2329 1680 2577 1749 Plerique

307 1753 448 1808 alliis
480 1753 741 1823 negotiis,
788 1767 925 1821 quae
972 1753 1053 1805 in-
1834 1756 2136 1813 mortales.
2213 1753 2456 1809 ‚exinde
2482 1769 2579 1822 pe·

1835 1843 2084 1894 rennem,
2157 1831 2218 1882 ut
2288 1825 2576 1894 putabant,

1834 1900 2154 1952 memoriam
2203 1897 2438 1952 nominis
2495 1895 2578 1949 sui

1834 1971 2192 2040 quaesierunt,
2228 1971 2273 2023 si
2298 1970 2438 2023 vitas
2463 1967 2579 2031 cla·

1834 2059 2017 2096 rorum
2053 2042 2291 2096 virorum
2338 2039 2462 2093 stilo
2498 2038 2579 2092 in-

309 1827 468 1895 genio
494 1828 829 1888 exercentur,
863 1824 922 1876 in
943 1825 1052 1892 pri-

305 1898 410 1951 mis
429 1913 645 1980 ’magno
681 1895 801 1949 usui
837 1898 921 1948 est
943 1912 1053 1949 me·

305 1969 480 2023 moria
524 1984 707 2023 rerum
756 1975 1051 2035 gestarum·

304 2057 433 2095 nam
453 2055 614 2108 saepe
635 2055 738 2121 ego
759 2037 973 2092 audivi.

304 2111 612 2180 praeclaros
664 2109 808 2163 viros
863 2109 1051 2163 solitos

304 2183 384 2235 ita
418 2181 595 2235 diare:
633 2197 758 2234 cum
781 2180 1049 2248 majorum
1108 2220 1127 2229 ,

304 2252 569 2321 imagines
594 2252 945 2320 intuerentur,
965 2268 1049 2302 ve-

303 2324 724 2378 hementissume
777 2322 882 2374 sibi
940 2322 1055 2375 ani?

304 2412 457 2451 mum
519 2394 589 2448 ad
650 2394 906 2446 virtutem
959 2389 1078 2446 ad·'

308 2467 484 2522 cendi.
518 2510 521 2513 .
555 2465 754 2519 Sclicet
786 2504 798 2517 .
841 2503 853 2516 .
892 2505 904 2518 .
940 2482 1053 2517 me-

303 2539 478 2592 moria
538 2553 715 2590 rerum
779 2539 1048 2604 gestarum

1834 2114 2163 2168 lustrassent.
2196 2129 2334 2181 quae
2356 2128 2445 2167 res
2466 2127 2578 2163 non
2645 2160 2650 2167 .

1836 2201 2126 2254 perennem
2180 2183 2399 2253 quidem
2415 2219 2429 2248 ,
2482 2180 2578 2236 sed

1834 2257 2224 2325 aliquantulum
2240 2259 2427 2309 tamen
2451 2269 2579 2309 con·

1834 2333 2023 2397 ceptae
2060 2327 2177 2396 spei
2210 2325 2445 2380 fructum
2484 2323 2577 2377 ad·

1835 2400 2068 2468 ferebat,
2122 2398 2249 2467 quia
2290 2401 2357 2451 et
2405 2413 2575 2463 suam,

1833 2470 1989 2525 licet
1976 2487 2244 2524 incassum
2261 2467 2578 2549 memoriam

1833 2542 2226 2611 propagabant,
2257 2545 2315 2594 et
2334 2537 2577 2609 proposi-

302 2627 426 2662 eam
485 2607 763 2662 flammam
814 2609 1052 2676 egregiis
1832 2613 1901 2666 tis
1955 2629 2279 2682 magnorum
2335 2611 2578 2664 virorum

304 2680 433 2735 viris
468 2680 526 2732 in
551 2684 773 2762 pectore
809 2695 1050 2732 crescere
1832 2685 2209 2754 exemplisnon
2257 2699 2386 2737 arva
2396 2699 2576 2735 aemu-

303 2766 480 2818 neque
497 2751 644 2818 prius
671 2750 867 2816 sedari,
889 2768 1050 2817 quam
1833 2757 1963 2809 latio
2016 2755 2220 2825 legenti
2264 2771 2325 2806 us
2380 2752 2575 2808 excita-

303 2822 666 2876 virtuseorum
679 2822 879 2874 famam
890 2827 1050 2889 atque
1103 2817 1157 2870 II
1198 2820 1232 2871 4
1266 2817 1461 2872 divinis
1484 2818 1678 2887 patriis
1708 2819 1811 2873 vir·
1832 2828 1993 2882 batur

305 2893 534 2962 gloriam
571 2892 901 2960 adaequarit.
1070 2889 1273 2943 tutibus
1286 2890 1566 2958 propriam
1581 2891 1809 2959 gloriam

1068 2961 1510 3028 aequiparaverat

328 3032 385 3100 3)
400 3036 600 3085 memet
613 3032 852 3086 studium
865 3050 1042 3086 meum
1098 3032 1174 3087 IV
1216 3035 1282 3085 16
1307 3033 1667 3101 virtutemque
1699 3033 1811 3102 ejus

301 3103 576 3158 laudando
613 3104 869 3159 extollere
1066 3104 1543 3157 commemorando
1621 3103 1811 3158 efferre

1066 3173 1313 3225 laudibus

636 3260 785 3312 p.er
822 3261 879 3297 se
904 3245 1042 3313 ipsa·
1099 3243 1154 3296 11
1197 3246 1260 3296 19
1314 3243 1418 3312 ipsi
1465 3244 1598 3300 clari
1649 3249 1811 3314 atque

337 3243 394 3314 8)
431 3244 579 3297 alia.

1068 3312 1340 3384 magnifici

301 3317 450 3371 clara
485 3319 541 3368 et
580 3282 870 3384 magnifica

335 3391 390 3456 9)
426 3404 617 3442 verum
667 3403 768 3456 ego
820 3387 1045 3441 liberius

297 3460 563 3528 altiusque
597 3459 854 3527 processi,
915 3459 1043 3512 dum

298 3548 385 3586 me
407 3531 641 3585 civitatis
660 3547 872 3584 morum
894 3532 1046 3599 piget

298 3603 618 3671 taedetque;
667 3619 813 3656 nunc
859 3603 929 3656 ad
967 3603 1043 3655 in-

299 3678 523 3745 ceptum
556 3674 742 3729 redeo.

341 3815 390 3884 1)
427 3815 680 3883 variaque
697 3814 924 3870 victoria
943 3814 1044 3869 fuit
1096 3815 1179 3869 ΙΙΙ
1249 3819 1313 3870 16
1370 3815 1520 3871 varia
1591 3833 1809 3888 semper

1065 3887 1292 3941 victoria
1327 3892 1631 3943 certaverat

333 3955 389 4026 5)
440 3956 686 4012 amicitia
730 3956 1043 4012 Masinissae
1098 3958 1238 4011 1113
1276 3957 1464 4012 fideles
1496 3964 1661 4027 atque
1677 3958 1809 4014 ami-

295 4028 441 4084 bona
462 4033 623 4112 atque
640 4027 868 4106 honesta
887 4028 1044 4082 nobis
1063 4028 1265 4084 cissimi
1336 4030 1495 4083 nobis
1568 4030 1638 4084 ad
1705 4030 1810 4086 hoc

292 4100 594 4171 permansit
1061 4105 1279 4169 tempus
1314 4105 1727 4169 permanserunt

330 4171 523 4226 eodem
540 4172 691 4226 cultu
708 4187 813 4240 quo
838 4171 1040 4226 liberos
1095 4171 1122 4225 1
1152 4175 1178 4225 1
1221 4187 1405 4225 secum
1431 4188 1524 4226 eos
1545 4171 1809 4226 habuerat
1864 4173 1905 4229 O
1937 4174 1981 4228 I.
2020 4176 2105 4238 13,
2148 4176 2180 4228 3
2217 4170 2567 4228 nutriendum

291 4259 416 4327 suos
452 4240 603 4325 «lomi
636 4242 830 4323 habuit
1060 4260 1230 4371 teigque
1250 4242 1429 4370 mingis
1446 4259 1609 4312 quam
1627 4243 1807 4314 regios
1827 4261 1927 4316 pro
1960 4242 2073 4300 filio
2109 4242 2315 4317 curavit

1131 4331 1359 4370 ucavera

1865 3391 1906 3445 C
1936 3391 1978 3446 I.
2016 3394 2104 3453 23,
2142 3391 2175 3442 7
2214 3388 2310 3442 sed
2355 3390 2573 3465 longius

1827 3480 1988 3533 quam
2004 3462 2152 3517 volni
2172 3477 2415 3530 egressus
2436 3479 2572 3530 sum,

1828 3536 1959 3589 dum
1994 3551 2085 3587 me
2131 3538 2445 3603 temporum
2480 3551 2574 3588 no-

1827 3611 2063 3671 strorum
2080 3605 2235 3675 piget
2256 3606 2572 3675 taedetque·

1827 3677 1897 3751 ad
1932 3678 2212 3751 inceptum
2247 3678 2431 3755 redeo·
