3000 4792
1378 202 1468 281 47⁴

275 378 542 469 certum}
589 388 801 476 pretio
827 411 917 454 un
954 387 1237 454 bellandi
1266 388 1587 473 cupidine.
1652 387 1719 453 11
1742 387 1826 453 30
1853 386 2233 468 »incer-tum,
2279 380 2550 471 alio(ne)

273 515 425 563 casu
479 516 565 560 an
617 495 716 560 ira
758 493 1192 580 Appollinis«.
1281 492 1529 571 Quibus
1587 494 1897 578 exemplis
1955 514 2099 559 eam
2140 491 2393 557 dicendi
2437 509 2541 554 ra-

271 601 520 666 tionem
543 597 846 664 Sallustio
891 599 1254 665 adamatam
1296 598 1493 666 fuisse
1538 620 1740 685 eaque
1785 599 1864 666 de
1900 620 2093 665 causa
2123 597 2243 664 hoc
2285 615 2543 682 quoque

278 706 421 772 loco
466 705 928 771 restituendam
973 727 1109 772 esse
1152 705 1523 773 confirmari
1569 705 1837 773 videtur.

1194 947 1348 1037 Jug.
1393 949 1499 1030 85,
1545 949 1654 1019 26.

453 1132 521 1199 O.
565 1131 811 1200 Marius
856 1135 1082 1200 consul
1128 1137 1378 1199 creatus
1423 1137 1721 1201 contione
1766 1136 1993 1222 populi
2035 1134 2264 1201 habita
2306 1132 2559 1200 nobiles

279 1239 558 1324 graviter
601 1241 957 1326 vituperat:
1003 1260 1112 1305 eos
1148 1239 1397 1324 jactare
1441 1240 1757 1326 imagines
1801 1243 1868 1306 et
1895 1243 2169 1308 virtutes
2215 1239 2555 1326 majorum,

190 1360 193 1363 “
277 1346 413 1412 81δίι
447 1348 698 1411 suamet
741 1344 912 1409 facta
956 1344 1165 1411 dicere
1208 1345 1421 1412 licere.
1515 1345 1678 1411 Tum
1725 1346 1972 1432 pergit:

458 1449 794 1534 »equidem
839 1470 959 1536 ego
1005 1472 1138 1516 non
1172 1450 1434 1537 ignoro,
1477 1452 1533 1517 si
1569 1453 1709 1537 jam
1730 1452 1891 1517 mihi
1927 1452 2312 1538 respondere
2334 1450 2558 1532 velint,

279 1555 536 1623 abunde
588 1554 718 1619 illis
780 1553 1149 1621 facundiam
1218 1559 1284 1621 et
1339 1559 1741 1643 conpositam
1801 1556 2161 1622 orationem
2202 1554 2355 1622 fore.
2446 1554 2562 1621 Set

275 1663 348 1728 in
393 1682 692 1727 maxumo
738 1663 956 1726 vostro
1001 1661 1302 1726 benificio
1346 1683 1492 1727 cum
1537 1663 1837 1728 omnibus
1880 1661 2039 1726 locis
2068 1681 2295 1745 meque
2318 1679 2557 1743 vosque

275 1766 442 1832 male
487 1766 676 1831 dictis
717 1766 1022 1848 lacerent,
1068 1788 1203 1831 non
1246 1767 1492 1851 placuit
1533 1767 1823 1847 reticere,
1867 1788 1951 1831 ne
1995 1765 2139 1850 quis
2182 1764 2561 1830 modestiam

272 1873 341 1938 in
388 1872 844 1939 conscientiam
889 1872 1211 1937 duceret«

273 2057 278 2062 ,
380 2028 387 2033 f
446 1977 591 2042 Hoc
634 1977 798 2058 loco,
844 1998 973 2061 quo
1018 1977 1088 2041 in
1133 1998 1263 2041 uno
1287 1974 1391 2041 Vo
1437 1976 1752 2062 scriptum
1796 1978 1895 2040 est
1942 1995 2210 2059 »meque
2253 1992 2556 2056 vosque«,

276 2082 430 2149 dum
472 2082 602 2146 Pus
669 2085 735 2146 et
793 2081 866 2146 C.
930 2105 1071 2146 »me
1130 2103 1411 2165 vosque«
1474 2079 1817 2159 exhibent,
1885 2082 1953 2145 et
2007 2079 2312 2158 Jordani,
2379 2078 2560 2162 cujus

277 2187 534 2271 quidem
579 2186 840 2271 optimis
884 2185 961 2250 de
1014 2184 1320 2251 Sallustio
1366 2185 1615 2250 meritis
1658 2184 1853 2270 longe
1897 2186 2078 2249 abest
2120 2186 2196 2247 ut
2247 2183 2562 2248 detrecte-

276 2313 418 2356 mus
437 2339 453 2370 ‚
520 2293 794 2375 apparet
853 2291 1269 2374 perversitaS,
1345 2311 1474 2374 qua
1532 2289 1784 2374 lapsus,
1852 2289 1907 2353 si
1953 2288 2107 2372 quid
2150 2286 2289 2353 Vus
2332 2289 2560 2352 contra

273 2396 670 2481 reliquorum
721 2394 1038 2459 librorum
1097 2413 1475 2459 consensum
1535 2393 1803 2478 praebet
1847 2392 2254 2457 abiciendum
2289 2392 2560 2478 judicat,

274 2501 341 2564 et
381 2521 532 2565 vera
577 2520 803 2565 eorum
842 2497 1042 2575 rati0,
1102 2499 1215 2582 qui
1257 2496 1345 2563 Vi
1389 2498 1728 2563 lectionem
1778 2519 1912 2563 non
1966 2500 2391 2582 aspernantur
2433 2497 2561 2563 nisi

274 2608 388 2669 aut
431 2607 755 2671 sententia
798 2606 912 2668 aut
955 2603 1469 2669 dubitationibus
1496 2604 1940 2689 grammaticis
1967 2607 2308 2690 coguntur.
2387 2602 2560 2679 Quo-

275 2730 429 2787 rum,
463 2714 762 2775 neutrum
805 2710 876 2774 in
920 2708 1093 2774 hunc
1137 2710 1394 2793 quidem
1441 2709 1656 2774 locum
1678 2711 2014 2803 pertinere
2032 2709 2303 2775 videtur.
2384 2707 2555 2779 Nam

275 2833 419 2878 cum
479 2815 558 2880 ad
618 2837 754 2880 rem
816 2836 1076 2900 prorsus
1120 2815 1288 2880 idem
1332 2815 1563 2893 valeat,
1625 2819 1846 2880 utrum
1890 2815 2243 2880 scribamus
2289 2836 2555 2900 »meque

272 2939 552 3001 vosque«
614 2940 700 2985 an
761 2941 903 2986 »me
948 2942 1266 3004 vosque«,
1331 2921 1632 2985 iteratam
1692 2920 2076 3004 particulam
2125 2940 2327 3004 »que«
2373 2941 2413 2984 a
2456 2920 2556 2985 di-

272 3024 458 3088 cendi
524 3046 761 3109 genere
815 3025 1217 3111 *Sallustiano
1287 3047 1423 3090 non
1491 3026 1770 3091 alienam
1843 3048 1978 3092 esse
2045 3025 2386 3111 permultis
2445 3026 2556 3090 de-

271 3130 672 3194 monstratur
715 3129 888 3208 locis,
934 3129 1046 3194 ubi
1094 3150 1278 3195 voces
1322 3131 1506 3210 duae,
1552 3153 1821 3215 quarum
1866 3131 2047 3217 prior
2092 3151 2383 3215 quaeque
2406 3151 2558 3215 pro-

269 3254 509 3297 nomen
571 3235 699 3314 est,
762 3255 880 3318 per
941 3256 1105 3318 »que
1149 3270 1237 3285 -—-
1280 3256 1444 3318 que«
1512 3237 1996 3322 conjunguntur
2057 3234 2168 3301 cfr.
2216 3235 2353 3301 Cat.
2402 3237 2463 3315 9,
2510 3237 2551 3301 3

268 3359 463 3422 seque
511 3360 778 3422 remque
824 3339 1152 3424 publicam
1193 3340 1523 3406 curabant.
1618 3342 1732 3420 36,
1798 3342 1841 3405 4
1897 3341 2008 3425 qui
2050 3361 2243 3432 seque
2287 3362 2552 3427 remque

268 3443 596 3528 publicam
661 3443 986 3529 perditum
1054 3444 1244 3510 irent.
1353 3442 1500 3529 Jug.
1575 3445 1687 3525 10,
1748 3447 1787 3509 2
1854 3468 2085 3530 meque
2152 3466 2554 3531 regnumque

267 3569 483 3612 meum
535 3547 758 3635 gloriav
801 3548 1225 3616 honoravisti.
1316 3552 1421 3633 21,
1469 3555 1511 3615 4
1571 3552 1667 3616 ita
1726 3575 1918 3637 seque
1963 3553 2219 3638 illisque
2264 3554 2551 3637 dignum.

271 3652 375 3732 79,
421 3654 461 3718 9
505 3675 695 3739 seque
722 3656 1050 3741 vitamque
1072 3678 1252 3722 suam
1282 3657 1742 3723 condonavere.
1814 3658 1917 3736 85,
1944 3658 2027 3722 26
2073 3678 2265 3740 seque
2288 3678 2552 3743 remque

267 3757 593 3843 publicam
659 3760 1080 3826 celebravere.
1173 3761 1326 3841 100,
1386 3761 1425 3826 5
1487 3761 1729 3845 illoque
1789 3761 2081 3845 alliisque
2126 3760 2564 3845 temporibus„

265 3860 435 3928 Aliis
481 3869 697 3929 autem
740 3863 1004 3930 Sallusti
1047 3865 1207 3930 locis
1253 3887 1419 3949 »que
1458 3902 1550 3914 -
1570 3868 1677 3930 et«
1725 3867 2038 3951 scriptum
2081 3887 2217 3931 esse
2262 3865 2549 3931 videmus

264 3966 378 4033 cfr.
423 3967 576 4055 Jug.
627 3969 730 4050 55,
763 3971 835 4052 ’1,
883 3971 985 4048 26,
1035 3971 1093 4034 1.
1159 3969 1263 4049 91,
1310 3969 1369 4032 2.
1443 3969 1588 4047 104,
1639 3969 1695 4034 1.
1789 3968 2016 4054 Neque
2062 3991 2324 4055 prorsus
2366 3970 2552 4034 dissi-

268 4072 410 4136 mili
450 4073 641 4138 modo
672 4072 1019 4157 Septimius
1065 4073 1450 4157 pronomina
1494 4093 1643 4137 cum
1686 4075 2109 4141 substantivis
2152 4077 2255 4140 vel
2274 4075 2329 4140 si
2355 4057 2548 4157 quam

266 4177 464 4242 aliam
507 4178 693 4262 ponit
736 4199 956 4243 vocem
1000 4178 1386 4263 conjungere
1444 4177 1635 4258 solet,
1697 4179 1792 4243 ita
1839 4183 2057 4245 tamen
2099 4182 2175 4243 ut
2220 4179 2289 4242 in
2334 4178 2551 4261 poste-

281 4282 564 4348 rioribus
604 4284 913 4350 membris
956 4282 1338 4370 particulam
1385 4303 1590 4367 »quec
1633 4284 1932 4349 iteratam
1978 4284 2355 4367 aspernatus
2404 4281 2546 4345 »et«

270 4388 515 4455 scribat
558 4387 675 4489 cir.
724 4388 779 4468 Ι,
823 4390 864 4454 3
907 4391 1242 4476 ipsamque
1285 4391 1352 4456 et
1395 4388 1631 4455 multas
1674 4409 1827 4475 opes
1871 4387 2104 4453 aufert.
2190 4386 2222 4452 I
2253 4386 2337 4452 20
2370 4383 2552 4451 festi-
