3000 4792
1393 222 1476 286 53

635 396 857 471 »tanta
902 393 998 457 vis
1043 391 1252 456 morbi
1301 396 1497 475 atque
1543 395 1639 457 uti
1684 395 1866 461 tabes
1927 397 2269 482 plerosque
2325 401 2558 466 civium

639 500 885 564 animos
929 498 1360 580 pervaserat«.

465 603 641 680 Quae
686 623 831 668 cum
875 599 1027 664 ferri
1076 620 1207 663 non
1251 600 1505 682 possint
1548 599 1929 666 Gerlachius
1983 605 2050 666 et
2094 603 2331 669 Jacobs
2375 609 2579 691 parti-

289 710 497 775 culam
547 710 819 790 ›atque‹
868 705 1051 768 uncis
1094 704 1686 785 circumcluserunt,
1732 706 1799 770 id
1844 707 2016 788 quod
2064 708 2409 775 offensioni
2441 733 2574 776 non

290 835 424 879 esse
466 811 837 877 Dietschius
895 830 957 892 p.
1013 808 1132 871 109
1201 807 1355 871 satis
1417 809 1638 873 multis
1696 808 1961 873 Sallusti
2020 813 2331 896 exemplis
2389 813 2578 879 docet

292 915 409 980 cfr.
469 915 618 1000 Jug.
665 913 770 991 32,
817 916 859 975 4
919 910 1002 974 Η.
1047 909 1078 973 Ι
1123 912 1229 988 48,
1274 912 1334 988 9,
1396 911 1490 976 IV
1537 913 1641 993 26,
1706 913 1940 996 quibus
2001 935 2081 978 ex
2137 914 2580 982 imitatoribus

293 1019 441 1083 addi
486 1019 757 1103 possunt
801 1015 997 1081 haec:
1045 1014 1126 1080 D.
1153 1013 1252 1079 Cr.
1289 1014 1383 1080 IV
1411 1016 1495 1079 22
1541 1038 1669 1099 quo
1713 1018 2008 1102 exemplo
2054 1019 2258 1083 veluti
2299 1021 2578 1104 pessima

293 1124 679 1207 contagione
721 1119 1026 1184 imbutos.
1119 1117 1262 1181 Sev.
1307 1117 1375 1181 G.
1421 1119 1456 1181 I
1495 1120 1600 1197 23,
1648 1119 1686 1183 5
1734 1121 1982 1185 animos
2024 1143 2249 1187 eorum
2297 1122 2578 1189 habendi

292 1227 524 1311 cupido
567 1225 772 1290 veluti
817 1221 1002 1285 tabes
1044 1221 1324 1283 incessit.
1415 1218 1645 1303 Neque
1687 1223 1907 1286 tamen
1944 1226 2264 1306 particula
2296 1229 2572 1309 »atque«

293 1331 416 1396 hoc
460 1329 603 1393 loco
649 1327 878 1389 contra
924 1323 1203 1407 optimos
1249 1322 1453 1387 libros
1497 1322 1767 1387 delenda
1794 1325 2068 1404 videtur,
2114 1348 2260 1390 cum
2284 1328 2575 1413 vestigiis

293 1454 516 1499 eorum
560 1431 880 1494 instantes
923 1427 1050 1491 alia
1095 1428 1348 1490 ratione
1393 1427 1606 1491 locum
1646 1449 1873 1492 sanare
1899 1430 2232 1513 possimus.
2306 1431 2579 1517 Hauptii

293 1537 467 1600 enim
512 1534 583 1597 in
627 1531 858 1595 Philol.
908 1530 1031 1595 vol.
1080 1529 1180 1595 ΙΙΙ
1226 1553 1288 1613 p.
1332 1530 1456 1594 547
1502 1532 1876 1615 conjectura
1922 1554 2037 1597 »ac
2084 1534 2283 1598 veluti
2328 1537 2573 1613 tabes«,

296 1660 490 1723 quam
533 1635 877 1713 Binderus,
942 1635 1055 1718 qui
1109 1632 1176 1698 id
1235 1633 1419 1697 illum
1472 1634 1609 1716 jam
1668 1636 1861 1700 scribi
1918 1636 2196 1702 voluisse
2241 1639 2576 1722 ignorasse

294 1743 562 1819 videtur,
606 1741 677 1803 in
721 1737 1004 1822 ejusdem
1041 1737 1275 1801 Philol.
1323 1738 1446 1802 vol.
1481 1738 1636 1802 XXI
1661 1761 1725 1823 p.
1758 1742 1880 1805 162
1922 1741 2161 1804 iterum
2209 1743 2568 1826 proposuit,

297 1866 616 1932 quamque
661 1841 985 1907 Jordanus
1029 1841 1102 1904 in
1147 1862 1334 1904 suum
1375 1842 1621 1924 recepit
1665 1843 1937 1924 textum,
1984 1845 2211 1908 contra
2254 1843 2574 1924 Bursiani,

200 1951 258 2001 «Β
293 1972 484 2036 quem
527 1944 893 2011 Dietschius
948 1946 1206 2009 secutus
1249 1947 1374 2021 est,
1437 1946 1953 2010 emendationem
2004 1949 2185 2012 »erat
2227 1970 2390 2030 quae
2435 1950 2572 2014 uti«

295 2052 489 2118 simili
534 2049 832 2134 Septimii
877 2048 1222 2112 imitatoris
1266 2047 1407 2112 loco
1452 2047 1855 2114 defenditur:

638 2152 706 2218 II
751 2154 834 2216 22
896 2154 1233 2236 »reputate
1293 2173 1436 2217 cum
1483 2154 1718 2217 animis
1760 2156 2015 2234 vestriS,
2078 2157 2322 2238 quanta
2366 2155 2575 2221 clades

640 2262 708 2320 et
750 2256 950 2321 veluti
1007 2257 1304 2339 contagio
1364 2255 1629 2341 hujusce
1674 2260 1949 2342 exempli
1994 2260 2213 2323 orbem
2255 2262 2578 2327 terrarum-

643 2361 1030 2443 occupatura
1073 2361 1220 2423 sit«.

470 2465 780 2531 Similiter
823 2465 992 2528 idem
1035 2463 1146 2527 ille
1192 2463 1451 2548 scripsit
1480 2462 1547 2527 II
1574 2464 1609 2527 7
1658 2411 1925 2527 »auctor
1969 2467 2036 2528 et
2079 2465 2278 2529 veluti
2318 2486 2551 2529 causa«

295 2574 362 2636 et
417 2573 556 2654 ipse
600 2568 946 2634 Sallustius
990 2566 1128 2633 Cat.
1177 2570 1281 2648 42,
1341 2568 1381 2633 2
1447 2567 1845 2635 »inconsulte
1906 2588 1979 2633 ac
2036 2569 2237 2634 veluti
2295 2591 2408 2654 per
2468 2568 2577 2634 de-

299 2675 668 2738 mentiam«.
1096 2702 1099 2703 ⁷

1235 2909 1370 2970 eat.
1420 2908 1523 2988 54,
1572 2910 1631 2972 5.

472 3091 763 3177 Scriptor
820 3114 1032 3157 mores
1077 3089 1148 3155 C.
1191 3089 1478 3154 Caesaris
1538 3094 1605 3154 et
1648 3091 1733 3155 M.
1785 3091 2053 3156 Catonis
2097 3093 2270 3161 inter
2313 3113 2379 3156 se
2424 3113 2576 3181 con-

297 3199 515 3263 ferens
554 3197 742 3262 illum
784 3197 1025 3280 gloriae
1071 3193 1508 3258 avidissimum
1555 3192 1751 3259 fuisse
1797 3195 1977 3274 dicit,
2023 3194 2193 3261 hunc
2225 3216 2361 3260 esse
2384 3217 2579 3278 quam

296 3303 500 3368 videri
543 3302 788 3367 bonum
830 3299 1150 3364 maluisse.
2231 3288 2236 3292 ’

366 3398 371 3401 ’
472 3405 613 3471 »Ita
658 3426 787 3488 quo
834 3403 1046 3468 minus
1091 3402 1358 3486 petebat
1380 3402 1679 3487 gloriam,
1726 3423 1801 3467 eo
1832 3402 2040 3488 magis
2068 3401 2249 3467 illum
2284 3424 2578 3487 asseque-

296 3512 559 3592 batur«,
619 3509 710 3574 sic
766 3508 840 3572 P.
908 3506 1014 3571 P.1
1078 3529 1193 3572 »eo
1254 3507 1462 3591 magis
1522 3506 1702 3571 illam
1764 3509 2259 3591 assequebatur«
2321 3507 2429 3573 Ρ.2
2470 3507 2579 3573 P.³

299 3615 764 3696 »sequebatur«
833 3633 1000 3676 unus
1045 3634 1125 3677 ex
1169 3610 1239 3676 O.
1301 3632 1416 3676 »eo
1474 3613 1662 3676 illum
1718 3613 1927 3696 magis
1969 3612 2393 3696 sequebatur«
2440 3611 2577 3676 Au-

294 3716 532 3802 gustin.
576 3718 678 3781 civ
722 3717 851 3782 Dei
891 3715 953 3782 V
983 3718 1086 3782 12.
1133 3753 1217 3765 —
1263 3715 1361 3781 Ac
1421 3718 1704 3800 primum
1750 3717 2008 3799 quidem
2051 3718 2316 3781 verbum
2368 3738 2578 3782 »asse-

295 3846 498 3910 quor«
544 3823 693 3889 huic
739 3825 901 3902 loe0,
949 3846 1078 3908 quo
1124 3825 1200 3888 de
1247 3825 1464 3908 spreta
1486 3825 1692 3907 gloria
1720 3824 1957 3907 agitur,
2006 3825 2218 3888 minus
2248 3825 2574 3904 convenit,

296 3930 448 4014 quia
489 3929 827 3995 notionem
870 3929 1110 3993 laboris
1154 3925 1525 4012 adjunctam
1567 3928 1784 4007 habet,
1831 3928 1925 3992 ita
1967 3930 2042 3991 ut
2063 3927 2198 3994 fere
2227 3929 2577 4014 significet:

295 4033 788 4099 contendentem
834 4032 1078 4115 aliquid
1120 4032 1391 4116 adipisci
1437 4033 1539 4097 vel
1583 4033 1663 4096 ad
1706 4032 1903 4097 finem
1947 4032 2041 4096 rei
2085 4033 2405 4116 expetitae
2433 4054 2578 4116 per-

299 4139 537 4215 venire,
572 4136 687 4201 cfr.
732 4135 778 4202 J
782 4158 884 4220 ug.
928 4138 1002 4214 4,
1065 4136 1108 4199 4
1174 4138 1326 4220 »qui
1386 4139 1443 4201 si
1507 4137 1987 4220 reputaverint,
2056 4138 2124 4201 et
2181 4137 2413 4218 quibus
2455 4157 2579 4220 ego

298 4240 699 4324 temporibus
746 4241 1158 4324 magistratus
1202 4239 1474 4323 adeptus
1521 4261 1682 4318 sum,
1728 4240 1949 4323 quales
1980 4241 2104 4305 viri
2123 4239 2294 4303 idem
2317 4239 2579 4323 adsequi

298 4342 730 4424 nequiverint,
776 4346 843 4408 et
886 4345 1112 4427 postea
1145 4344 1309 4408 cet«.
1401 4341 1803 4427 Scripturam
1852 4342 2319 4426 »sequebatur«
2367 4346 2580 4410 autem
