<?xml version="1.0" encoding="UTF-8"?>
<!DOCTYPE html PUBLIC "-//W3C//DTD XHTML 1.0 Transitional//EN"
    "http://www.w3.org/TR/xhtml1/DTD/xhtml1-transitional.dtd">
<html xmlns="http://www.w3.org/1999/xhtml" xml:lang="en" lang="en">
 <head>
  <title>
</title>
<meta http-equiv="Content-Type" content="text/html;charset=utf-8" />
  <meta name='ocr-system' content='tesseract 3.04.00' />
  <meta name='ocr-capabilities' content='ocr_page ocr_carea ocr_par ocr_line ocrx_word'/>
</head>
<body>
  <div class='ocr_page' id='page_1' title='image "./quaestionessall01pratgoog_0043.png"; bbox 0 0 3000 4792; ppageno 0'>
   <div class='ocr_carea' id='block_1_1' title="bbox 462 192 2380 434">
    <p class='ocr_par' dir='ltr' id='par_1_1' title="bbox 462 192 2380 434">
     <span class='ocr_line' id='line_1_1' title="bbox 462 192 1528 297; baseline 0.002 -41"><span class='ocrx_word' id='word_1_1' title='bbox 462 290 469 297; x_wconf 21' lang='grc' dir='ltr'><strong><em>ο</em></strong></span> <span class='ocrx_word' id='word_1_2' title='bbox 1442 192 1528 258; x_wconf 86' lang='grc'><strong>39</strong></span> 
     </span>
     <span class='ocr_line' id='line_1_2' title="bbox 541 340 2380 434; baseline -0.001 -1"><span class='ocrx_word' id='word_1_3' title='bbox 541 364 695 434; x_wconf 84' lang='lat' dir='ltr'><strong>Sall.</strong></span> <span class='ocrx_word' id='word_1_4' title='bbox 741 366 878 433; x_wconf 82' lang='lat' dir='ltr'><strong>Cat.</strong></span> <span class='ocrx_word' id='word_1_5' title='bbox 1318 365 1488 432; x_wconf 86' lang='lat' dir='ltr'><strong>Dict.</strong></span> <span class='ocrx_word' id='word_1_6' title='bbox 1536 365 1639 432; x_wconf 83' lang='lat' dir='ltr'><strong>Cr.</strong></span> <span class='ocrx_word' id='word_1_7' title='bbox 1944 340 1952 345; x_wconf 38' lang='grc'><strong><em>’</em></strong></span> <span class='ocrx_word' id='word_1_8' title='bbox 2120 365 2184 434; x_wconf 87' lang='lat' dir='ltr'><strong>S.</strong></span> <span class='ocrx_word' id='word_1_9' title='bbox 2234 366 2380 434; x_wconf 87' lang='lat' dir='ltr'><strong>Sev.</strong></span> 
     </span>
    </p>
   </div>
   <div class='ocr_carea' id='block_1_2' title="bbox 341 523 2624 1235">
    <p class='ocr_par' dir='ltr' id='par_1_2' title="bbox 342 523 1858 602">
     <span class='ocr_line' id='line_1_3' title="bbox 342 523 1858 602; baseline -0.002 -17"><span class='ocrx_word' id='word_1_10' title='bbox 342 529 605 602; x_wconf 78' lang='lat' dir='ltr'>gloriam,</span> <span class='ocrx_word' id='word_1_11' title='bbox 659 546 725 586; x_wconf 90' lang='lat' dir='ltr'><strong>eo</strong></span> <span class='ocrx_word' id='word_1_12' title='bbox 778 528 952 600; x_wconf 83' lang='lat' dir='ltr'><strong>magis</strong></span> <span class='ocrx_word' id='word_1_13' title='bbox 997 527 1093 584; x_wconf 86' lang='lat' dir='ltr'><strong>illa</strong></span> <span class='ocrx_word' id='word_1_14' title='bbox 1110 523 1449 582; x_wconf 86' lang='lat' dir='ltr'><strong>elaboratum</strong></span> <span class='ocrx_word' id='word_1_15' title='bbox 1470 567 1484 595; x_wconf 90' lang='lat'>,</span> <span class='ocrx_word' id='word_1_16' title='bbox 1559 526 1642 582; x_wconf 91' lang='lat' dir='ltr'><strong>uti</strong></span> <span class='ocrx_word' id='word_1_17' title='bbox 1713 524 1858 582; x_wconf 84' lang='lat' dir='ltr'><strong>facta</strong></span> 
     </span>
    </p>

    <p class='ocr_par' dir='ltr' id='par_1_3' title="bbox 341 599 1858 808">
     <span class='ocr_line' id='line_1_4' title="bbox 341 599 1858 673; baseline -0.003 -15"><span class='ocrx_word' id='word_1_18' title='bbox 341 602 669 673; x_wconf 75' lang='lat' dir='ltr'><strong>sequebatur</strong></span> <span class='ocrx_word' id='word_1_19' title='bbox 1111 601 1369 667; x_wconf 76' lang='lat' dir='ltr'><strong>gestaque</strong></span> <span class='ocrx_word' id='word_1_20' title='bbox 1405 615 1595 653; x_wconf 88' lang='lat' dir='ltr'><strong>eorum</strong></span> <span class='ocrx_word' id='word_1_21' title='bbox 1618 599 1735 653; x_wconf 84' lang='lat' dir='ltr'><strong>laus</strong></span> <span class='ocrx_word' id='word_1_22' title='bbox 1759 616 1858 668; x_wconf 83' lang='lat' dir='ltr'><strong>po-</strong></span> 
     </span>
     <span class='ocr_line' id='line_1_5' title="bbox 1110 668 1855 741; baseline 0.007 -20"><span class='ocrx_word' id='word_1_23' title='bbox 1110 668 1218 722; x_wconf 89' lang='lat' dir='ltr'><strong>tius</strong></span> <span class='ocrx_word' id='word_1_24' title='bbox 1265 686 1429 739; x_wconf 90' lang='lat' dir='ltr'><strong>quam</strong></span> <span class='ocrx_word' id='word_1_25' title='bbox 1473 670 1636 741; x_wconf 87' lang='lat' dir='ltr'><strong>culpa</strong></span> <span class='ocrx_word' id='word_1_26' title='bbox 1668 687 1855 740; x_wconf 85' lang='lat' dir='ltr'><strong>seque-</strong></span> 
     </span>
     <span class='ocr_line' id='line_1_6' title="bbox 1111 743 1389 808; baseline -0.011 -13"><span class='ocrx_word' id='word_1_27' title='bbox 1111 743 1259 795; x_wconf 80' lang='lat' dir='ltr'><strong>retur</strong></span> <span class='ocrx_word' id='word_1_28' title='bbox 1364 781 1389 808; x_wconf 76' lang='grc'>,</span> 
     </span>
    </p>

    <p class='ocr_par' dir='ltr' id='par_1_4' title="bbox 341 862 2624 1235">
     <span class='ocr_line' id='line_1_7' title="bbox 381 862 2622 961; baseline -0.008 -14"><span class='ocrx_word' id='word_1_29' title='bbox 381 892 438 961; x_wconf 86' lang='grc'><strong>4)</strong></span> <span class='ocrx_word' id='word_1_30' title='bbox 458 887 912 947; x_wconf 85' lang='lat' dir='ltr'><strong>incultutenebris</strong></span> <span class='ocrx_word' id='word_1_31' title='bbox 924 887 1091 943; x_wconf 87' lang='lat' dir='ltr'><strong>odore</strong></span> <span class='ocrx_word' id='word_1_32' title='bbox 1144 883 1199 937; x_wconf 92' lang='lat' dir='ltr'><strong>II</strong></span> <span class='ocrx_word' id='word_1_33' title='bbox 1234 884 1305 939; x_wconf 82' lang='lat'><strong>46</strong></span> <span class='ocrx_word' id='word_1_34' title='bbox 1341 882 1561 939; x_wconf 86' lang='lat' dir='ltr'><strong>foedam</strong></span> <span class='ocrx_word' id='word_1_35' title='bbox 1597 883 1794 942; x_wconf 84' lang='lat' dir='ltr'><strong>faciem</strong></span> <span class='ocrx_word' id='word_1_36' title='bbox 1910 865 1951 921; x_wconf 75' lang='lat'>0</span> <span class='ocrx_word' id='word_1_37' title='bbox 1982 865 2010 920; x_wconf 91' lang='grc' dir='ltr'>Ῑ</span> <span class='ocrx_word' id='word_1_38' title='bbox 2029 863 2124 950; x_wconf 71' lang='lat'><strong>‚542</strong></span> <span class='ocrx_word' id='word_1_39' title='bbox 2160 865 2196 919; x_wconf 84' lang='lat'>4</span> <span class='ocrx_word' id='word_1_40' title='bbox 2231 863 2308 947; x_wconf 41' lang='lat' dir='ltr'><strong>in·</strong></span> <span class='ocrx_word' id='word_1_41' title='bbox 2322 863 2504 919; x_wconf 62' lang='lat' dir='ltr'><strong>houm</strong></span> <span class='ocrx_word' id='word_1_42' title='bbox 2539 862 2622 917; x_wconf 66' lang='lat'><strong>5¹1·</strong></span> 
     </span>
     <span class='ocr_line' id='line_1_8' title="bbox 345 936 2621 1030; baseline -0.007 -12"><span class='ocrx_word' id='word_1_43' title='bbox 345 963 504 1021; x_wconf 75' lang='lat' dir='ltr'><strong>foeda</strong></span> <span class='ocrx_word' id='word_1_44' title='bbox 586 966 747 1030; x_wconf 76' lang='lat' dir='ltr'><strong>atque</strong></span> <span class='ocrx_word' id='word_1_45' title='bbox 830 959 1089 1015; x_wconf 71' lang='lat' dir='ltr'><strong>terribilis</strong></span> <span class='ocrx_word' id='word_1_46' title='bbox 1875 936 2621 1019; x_wconf 63' lang='lat' dir='ltr'><strong>menmproffind1,caqqoqqq</strong></span> 
     </span>
     <span class='ocr_line' id='line_1_9' title="bbox 346 1005 2624 1105; baseline -0.007 -16"><span class='ocrx_word' id='word_1_47' title='bbox 346 1036 460 1105; x_wconf 86' lang='lat' dir='ltr'><strong>ejus</strong></span> <span class='ocrx_word' id='word_1_48' title='bbox 495 1034 660 1089; x_wconf 86' lang='lat' dir='ltr'><strong>facies</strong></span> <span class='ocrx_word' id='word_1_49' title='bbox 698 1036 800 1087; x_wconf 84' lang='lat' dir='ltr'><strong>est.</strong></span> <span class='ocrx_word' id='word_1_50' title='bbox 870 1032 929 1086; x_wconf 89' lang='lat' dir='ltr'><strong>in</strong></span> <span class='ocrx_word' id='word_1_51' title='bbox 965 1049 1090 1085; x_wconf 90' lang='lat' dir='ltr'><strong>eum</strong></span> <span class='ocrx_word' id='word_1_52' title='bbox 1873 1014 2034 1078; x_wconf 44' lang='lat' dir='ltr'><strong>alque</strong></span> <span class='ocrx_word' id='word_1_53' title='bbox 2102 1026 2168 1063; x_wconf 77' lang='lat'><strong>01</strong></span> <span class='ocrx_word' id='word_1_54' title='bbox 2233 1026 2298 1092; x_wconf 61' lang='lat'><strong>‘30</strong></span> <span class='ocrx_word' id='word_1_55' title='bbox 2358 1005 2624 1090; x_wconf 59' lang='lat' dir='ltr'><strong>exltlalel</strong></span> 
     </span>
     <span class='ocr_line' id='line_1_10' title="bbox 341 1077 2624 1163; baseline -0.007 -1"><span class='ocrx_word' id='word_1_56' title='bbox 341 1107 527 1163; x_wconf 89' lang='lat' dir='ltr'><strong>locum</strong></span> <span class='ocrx_word' id='word_1_57' title='bbox 564 1146 580 1160; x_wconf 94' lang='lat'><strong>.</strong></span> <span class='ocrx_word' id='word_1_58' title='bbox 610 1146 625 1161; x_wconf 90' lang='lat'><strong>.</strong></span> <span class='ocrx_word' id='word_1_59' title='bbox 657 1145 673 1162; x_wconf 96' lang='lat'><strong>.</strong></span> <span class='ocrx_word' id='word_1_60' title='bbox 709 1103 973 1159; x_wconf 84' lang='lat' dir='ltr'><strong>demissus</strong></span> <span class='ocrx_word' id='word_1_61' title='bbox 1008 1107 1091 1157; x_wconf 89' lang='lat' dir='ltr'><strong>est</strong></span> <span class='ocrx_word' id='word_1_62' title='bbox 1874 1081 2078 1138; x_wconf 64' lang='lat' dir='ltr'><strong>f00t01&#39;0</strong></span> <span class='ocrx_word' id='word_1_63' title='bbox 2113 1079 2396 1137; x_wconf 61' lang='lat' dir='ltr'><strong>hortulum</strong></span> <span class='ocrx_word' id='word_1_64' title='bbox 2425 1077 2624 1134; x_wconf 62' lang='lat' dir='ltr'><strong>demm-</strong></span> 
     </span>
     <span class='ocr_line' id='line_1_11' title="bbox 345 1156 2084 1235; baseline -0.007 -16"><span class='ocrx_word' id='word_1_65' title='bbox 345 1183 435 1235; x_wconf 49' lang='grc' dir='ltr'><strong>οὓς,</strong></span> <span class='ocrx_word' id='word_1_66' title='bbox 1874 1171 1963 1210; x_wconf 82' lang='lat' dir='ltr'><strong>sus</strong></span> <span class='ocrx_word' id='word_1_67' title='bbox 1999 1156 2084 1209; x_wconf 81' lang='lat' dir='ltr'><strong>est</strong></span> 
     </span>
    </p>
   </div>
   <div class='ocr_carea' id='block_1_3' title="bbox 341 1239 2617 1532">
    <p class='ocr_par' dir='ltr' id='par_1_5' title="bbox 342 1239 2333 1393">
     <span class='ocr_line' id='line_1_12' title="bbox 379 1239 1853 1321; baseline -0.007 -14"><span class='ocrx_word' id='word_1_68' title='bbox 379 1251 576 1321; x_wconf 86' lang='lat' dir='ltr'><strong>quibus</strong></span> <span class='ocrx_word' id='word_1_69' title='bbox 599 1249 956 1319; x_wconf 88' lang='lat' dir='ltr'><strong>praeceptum</strong></span> <span class='ocrx_word' id='word_1_70' title='bbox 975 1248 1091 1300; x_wconf 88' lang='lat' dir='ltr'><strong>erat</strong></span> <span class='ocrx_word' id='word_1_71' title='bbox 1144 1240 1194 1297; x_wconf 87' lang='lat' dir='ltr'><strong>V</strong></span> <span class='ocrx_word' id='word_1_72' title='bbox 1231 1241 1268 1294; x_wconf 85' lang='lat'>4</span> <span class='ocrx_word' id='word_1_73' title='bbox 1315 1239 1512 1309; x_wconf 89' lang='lat' dir='ltr'><strong>quibus</strong></span> <span class='ocrx_word' id='word_1_74' title='bbox 1547 1241 1853 1313; x_wconf 88' lang='lat' dir='ltr'><strong>inperatum</strong></span> 
     </span>
     <span class='ocr_line' id='line_1_13' title="bbox 342 1311 2333 1393; baseline -0.005 -18"><span class='ocrx_word' id='word_1_75' title='bbox 342 1323 536 1393; x_wconf 76' lang='lat' dir='ltr'><strong>laqueo</strong></span> <span class='ocrx_word' id='word_1_76' title='bbox 577 1322 762 1390; x_wconf 81' lang='lat' dir='ltr'><strong>gulam</strong></span> <span class='ocrx_word' id='word_1_77' title='bbox 797 1318 1009 1386; x_wconf 83' lang='lat' dir='ltr'><strong>fregere</strong></span> <span class='ocrx_word' id='word_1_78' title='bbox 1111 1316 1229 1368; x_wconf 87' lang='lat' dir='ltr'><strong>erat</strong></span> <span class='ocrx_word' id='word_1_79' title='bbox 1262 1311 1332 1367; x_wconf 87' lang='lat' dir='ltr'><strong>ad</strong></span> <span class='ocrx_word' id='word_1_80' title='bbox 1365 1329 1529 1368; x_wconf 85' lang='lat' dir='ltr'><strong>naves</strong></span> <span class='ocrx_word' id='word_1_81' title='bbox 1562 1313 1786 1369; x_wconf 85' lang='lat' dir='ltr'><strong>veniunt</strong></span> <span class='ocrx_word' id='word_1_82' title='bbox 2320 1364 2333 1378; x_wconf 80' lang='lat'><strong>,</strong></span> 
     </span>
    </p>

    <p class='ocr_par' dir='ltr' id='par_1_6' title="bbox 341 1363 2617 1532">
     <span class='ocr_line' id='line_1_14' title="bbox 405 1363 2617 1464; baseline -0.005 -16"><span class='ocrx_word' id='word_1_83' title='bbox 405 1395 461 1464; x_wconf 84' lang='lat'><strong>6)</strong></span> <span class='ocrx_word' id='word_1_84' title='bbox 532 1392 763 1459; x_wconf 83' lang='lat' dir='ltr'><strong>dignum</strong></span> <span class='ocrx_word' id='word_1_85' title='bbox 850 1388 1090 1442; x_wconf 85' lang='lat' dir='ltr'><strong>moribus</strong></span> <span class='ocrx_word' id='word_1_86' title='bbox 1144 1385 1219 1440; x_wconf 89' lang='lat' dir='ltr'><strong>IV</strong></span> <span class='ocrx_word' id='word_1_87' title='bbox 1245 1387 1278 1438; x_wconf 86' lang='lat'><strong>3</strong></span> <span class='ocrx_word' id='word_1_88' title='bbox 1316 1383 1439 1454; x_wconf 87' lang='lat' dir='ltr'><strong>ipsa</strong></span> <span class='ocrx_word' id='word_1_89' title='bbox 1480 1387 1852 1454; x_wconf 78' lang='lat' dir='ltr'><strong>spectaculum</strong></span> <span class='ocrx_word' id='word_1_90' title='bbox 1912 1365 1953 1422; x_wconf 77' lang='lat'><em>0</em></span> <span class='ocrx_word' id='word_1_91' title='bbox 1990 1366 2018 1420; x_wconf 90' lang='grc' dir='ltr'>Ῑ</span> <span class='ocrx_word' id='word_1_92' title='bbox 2053 1368 2151 1436; x_wconf 80' lang='lat'><strong>51,</strong></span> <span class='ocrx_word' id='word_1_93' title='bbox 2197 1369 2230 1420; x_wconf 81' lang='lat'>2</span> <span class='ocrx_word' id='word_1_94' title='bbox 2278 1363 2508 1438; x_wconf 47' lang='lat' dir='ltr'><strong>dmum</strong></span> <span class='ocrx_word' id='word_1_95' title='bbox 2558 1379 2617 1421; x_wconf 60' lang='grc' dir='ltr'><strong>ὅθ</strong></span> 
     </span>
     <span class='ocr_line' id='line_1_15' title="bbox 341 1438 2242 1532; baseline -0.006 -12"><span class='ocrx_word' id='word_1_96' title='bbox 341 1465 608 1532; x_wconf 81' lang='lat' dir='ltr'><strong>factisque</strong></span> <span class='ocrx_word' id='word_1_97' title='bbox 686 1462 795 1516; x_wconf 86' lang='lat' dir='ltr'><strong>suis</strong></span> <span class='ocrx_word' id='word_1_98' title='bbox 867 1459 1089 1516; x_wconf 87' lang='lat' dir='ltr'><strong>exitium</strong></span> <span class='ocrx_word' id='word_1_99' title='bbox 1109 1457 1337 1527; x_wconf 81' lang='lat' dir='ltr'><strong>dignum</strong></span> <span class='ocrx_word' id='word_1_100' title='bbox 1420 1457 1665 1513; x_wconf 82' lang='lat' dir='ltr'><strong>moribus</strong></span> <span class='ocrx_word' id='word_1_101' title='bbox 1746 1459 1855 1513; x_wconf 79' lang='lat' dir='ltr'><strong>suis</strong></span> <span class='ocrx_word' id='word_1_102' title='bbox 1876 1442 2081 1494; x_wconf 61' lang='lat' dir='ltr'><strong>emtum</strong></span> <span class='ocrx_word' id='word_1_103' title='bbox 2113 1438 2242 1494; x_wconf 50' lang='lat' dir='ltr'><strong>mhi*</strong></span> 
     </span>
    </p>
   </div>
   <div class='ocr_carea' id='block_1_4' title="bbox 332 1527 2623 2282">
    <p class='ocr_par' dir='ltr' id='par_1_7' title="bbox 332 1527 2623 2282">
     <span class='ocr_line' id='line_1_16' title="bbox 343 1527 1365 1599; baseline -0.012 -6"><span class='ocrx_word' id='word_1_104' title='bbox 343 1539 491 1594; x_wconf 84' lang='lat' dir='ltr'><strong>vitae</strong></span> <span class='ocrx_word' id='word_1_105' title='bbox 527 1533 735 1590; x_wconf 81' lang='lat' dir='ltr'><strong>invenit</strong></span> <span class='ocrx_word' id='word_1_106' title='bbox 1111 1527 1365 1599; x_wconf 88' lang='lat' dir='ltr'><strong>praebuit</strong></span> 
     </span>
     <span class='ocr_line' id='line_1_17' title="bbox 382 1676 2623 1842; baseline -0.017 -34"><span class='ocrx_word' id='word_1_107' title='bbox 382 1751 436 1821; x_wconf 80' lang='lat'><strong>8)</strong></span> <span class='ocrx_word' id='word_1_108' title='bbox 486 1751 550 1804; x_wconf 92' lang='lat' dir='ltr'><strong>ut</strong></span> <span class='ocrx_word' id='word_1_109' title='bbox 606 1676 875 1819; x_wconf 52' lang='lat' dir='ltr'><strong>quggque</strong></span> <span class='ocrx_word' id='word_1_110' title='bbox 935 1763 1090 1802; x_wconf 86' lang='lat' dir='ltr'><strong>casus</strong></span> <span class='ocrx_word' id='word_1_111' title='bbox 1875 1711 2434 1842; x_wconf 49' lang='grc' dir='ltr'><strong>ωἳῠξιῖἔέᾶθὸηὲἱῠῡᾶ</strong></span> <span class='ocrx_word' id='word_1_112' title='bbox 2467 1727 2623 1768; x_wconf 69' lang='lat' dir='ltr'><strong>casus</strong></span> 
     </span>
     <span class='ocr_line' id='line_1_18' title="bbox 343 1824 651 1881; baseline -0.023 1"><span class='ocrx_word' id='word_1_113' title='bbox 343 1824 651 1881; x_wconf 74' lang='lat' dir='ltr'><strong>armaverat</strong></span> 
     </span>
     <span class='ocr_line' id='line_1_19' title="bbox 332 1962 2622 2128; baseline -0.017 -34"><span class='ocrx_word' id='word_1_114' title='bbox 332 2110 339 2116; x_wconf 34' lang='lat'><strong>·</strong></span> <span class='ocrx_word' id='word_1_115' title='bbox 380 2037 437 2108; x_wconf 83' lang='lat'><strong>3)</strong></span> <span class='ocrx_word' id='word_1_116' title='bbox 484 2035 585 2121; x_wconf 64' lang='lat' dir='ltr'><strong>sub</strong></span> <span class='ocrx_word' id='word_1_117' title='bbox 633 1962 772 2106; x_wconf 35' lang='lat' dir='ltr'><strong>igit.</strong></span> <span class='ocrx_word' id='word_1_118' title='bbox 815 2031 1090 2090; x_wconf 74' lang='lat' dir='ltr'><strong>radicibus</strong></span> <span class='ocrx_word' id='word_1_119' title='bbox 1876 1999 2128 2128; x_wconf 51' lang='lat' dir='ltr'><strong>mIonItisla</strong></span> <span class='ocrx_word' id='word_1_120' title='bbox 2145 2037 2159 2065; x_wconf 73' lang='lat'><em>2</em></span> <span class='ocrx_word' id='word_1_121' title='bbox 2219 1999 2249 2053; x_wconf 89' lang='lat' dir='ltr'><strong>l</strong></span> <span class='ocrx_word' id='word_1_122' title='bbox 2297 1997 2398 2054; x_wconf 66' lang='lat' dir='ltr'><strong>sub</strong></span> <span class='ocrx_word' id='word_1_123' title='bbox 2433 1996 2622 2054; x_wconf 77' lang='lat' dir='ltr'><strong>radice</strong></span> 
     </span>
     <span class='ocr_line' id='line_1_20' title="bbox 341 2113 2622 2252; baseline -0.015 -14"><span class='ocrx_word' id='word_1_124' title='bbox 341 2113 760 2252; x_wconf 36' lang='lat' dir='ltr'><strong>flbgnggstquam</strong></span> <span class='ocrx_word' id='word_1_125' title='bbox 795 2176 948 2233; x_wconf 81' lang='lat' dir='ltr'><strong>videt</strong></span> <span class='ocrx_word' id='word_1_126' title='bbox 984 2214 998 2229; x_wconf 90' lang='lat'><strong>.</strong></span> <span class='ocrx_word' id='word_1_127' title='bbox 1034 2217 1045 2228; x_wconf 92' lang='lat'><strong>.</strong></span> <span class='ocrx_word' id='word_1_128' title='bbox 1077 2215 1090 2229; x_wconf 88' lang='lat'><strong>.</strong></span> <span class='ocrx_word' id='word_1_129' title='bbox 1914 2145 1954 2200; x_wconf 79' lang='lat' dir='ltr'>C</span> <span class='ocrx_word' id='word_1_130' title='bbox 1991 2145 2046 2199; x_wconf 88' lang='grc' dir='ltr'><strong>ῙῙ</strong></span> <span class='ocrx_word' id='word_1_131' title='bbox 2086 2143 2153 2198; x_wconf 79' lang='grc'><strong>16</strong></span> <span class='ocrx_word' id='word_1_132' title='bbox 2170 2180 2184 2205; x_wconf 64' lang='grc' dir='ltr'><strong><em>ν</em></strong></span> <span class='ocrx_word' id='word_1_133' title='bbox 2246 2141 2273 2193; x_wconf 83' lang='lat' dir='ltr'><strong>l</strong></span> <span class='ocrx_word' id='word_1_134' title='bbox 2330 2138 2477 2208; x_wconf 70' lang='lat' dir='ltr'><strong>quod</strong></span> <span class='ocrx_word' id='word_1_135' title='bbox 2523 2136 2622 2222; x_wconf 55' lang='lat' dir='ltr'><strong>ubi</strong></span> 
     </span>
     <span class='ocr_line' id='line_1_21' title="bbox 1874 2214 2622 2282; baseline -0.009 -12"><span class='ocrx_word' id='word_1_136' title='bbox 1874 2216 2068 2272; x_wconf 86' lang='lat' dir='ltr'><strong>Jud1th</strong></span> <span class='ocrx_word' id='word_1_137' title='bbox 2089 2215 2452 2282; x_wconf 87' lang='lat' dir='ltr'><strong>compertum,</strong></span> <span class='ocrx_word' id='word_1_138' title='bbox 2487 2214 2622 2265; x_wconf 78' lang='lat' dir='ltr'><strong>artis</strong></span> 
     </span>
    </p>
   </div>
   <div class='ocr_carea' id='block_1_5' title="bbox 283 2250 1091 2533">
    <p class='ocr_par' dir='ltr' id='par_1_8' title="bbox 283 2250 1091 2533">
     <span class='ocr_line' id='line_1_22' title="bbox 343 2250 1090 2323; baseline -0.009 -14"><span class='ocrx_word' id='word_1_139' title='bbox 343 2269 520 2323; x_wconf 89' lang='lat' dir='ltr'><strong>neque</strong></span> <span class='ocrx_word' id='word_1_140' title='bbox 554 2250 713 2320; x_wconf 74' lang='lat' dir='ltr'><strong>fugae</strong></span> <span class='ocrx_word' id='word_1_141' title='bbox 734 2265 909 2317; x_wconf 90' lang='lat' dir='ltr'><strong>neque</strong></span> <span class='ocrx_word' id='word_1_142' title='bbox 938 2263 1090 2317; x_wconf 85' lang='lat' dir='ltr'><strong>prae·</strong></span> 
     </span>
     <span class='ocr_line' id='line_1_23' title="bbox 283 2321 1091 2391; baseline -0.012 -9"><span class='ocrx_word' id='word_1_143' title='bbox 283 2358 289 2364; x_wconf 90' lang='lat'><strong>·</strong></span> <span class='ocrx_word' id='word_1_144' title='bbox 344 2324 450 2381; x_wconf 83' lang='lat' dir='ltr'><strong>sidi</strong></span> <span class='ocrx_word' id='word_1_145' title='bbox 493 2322 661 2378; x_wconf 82' lang='lat' dir='ltr'><strong>ullam</strong></span> <span class='ocrx_word' id='word_1_146' title='bbox 698 2338 879 2391; x_wconf 86' lang='lat' dir='ltr'><strong>spem,</strong></span> <span class='ocrx_word' id='word_1_147' title='bbox 933 2321 1091 2388; x_wconf 87' lang='lat' dir='ltr'><strong>optu-</strong></span> 
     </span>
     <span class='ocr_line' id='line_1_24' title="bbox 342 2389 1090 2451; baseline -0.009 1"><span class='ocrx_word' id='word_1_148' title='bbox 342 2414 496 2451; x_wconf 88' lang='lat' dir='ltr'><strong>mum</strong></span> <span class='ocrx_word' id='word_1_149' title='bbox 531 2394 681 2449; x_wconf 85' lang='lat' dir='ltr'><strong>factu</strong></span> <span class='ocrx_word' id='word_1_150' title='bbox 714 2397 864 2449; x_wconf 82' lang='lat' dir='ltr'><strong>ratus</strong></span> <span class='ocrx_word' id='word_1_151' title='bbox 898 2390 958 2445; x_wconf 87' lang='lat' dir='ltr'><strong>in</strong></span> <span class='ocrx_word' id='word_1_152' title='bbox 991 2389 1090 2446; x_wconf 85' lang='lat' dir='ltr'><strong>tali</strong></span> 
     </span>
     <span class='ocr_line' id='line_1_25' title="bbox 341 2464 1088 2533; baseline -0.012 -8"><span class='ocrx_word' id='word_1_153' title='bbox 341 2486 402 2525; x_wconf 88' lang='lat' dir='ltr'><strong>re</strong></span> <span class='ocrx_word' id='word_1_154' title='bbox 433 2467 707 2524; x_wconf 81' lang='lat' dir='ltr'><strong>fortunam</strong></span> <span class='ocrx_word' id='word_1_155' title='bbox 743 2464 876 2521; x_wconf 92' lang='lat' dir='ltr'><strong>belli</strong></span> <span class='ocrx_word' id='word_1_156' title='bbox 911 2466 1088 2533; x_wconf 84' lang='lat' dir='ltr'><strong>temp·</strong></span> 
     </span>
    </p>
   </div>
   <div class='ocr_carea' id='block_1_6' title="bbox 342 2537 689 2597">
    <p class='ocr_par' dir='ltr' id='par_1_9' title="bbox 342 2537 689 2597">
     <span class='ocr_line' id='line_1_26' title="bbox 342 2537 689 2597; baseline -0.02 1"><span class='ocrx_word' id='word_1_157' title='bbox 342 2543 463 2597; x_wconf 86' lang='lat' dir='ltr'><strong>tare</strong></span> <span class='ocrx_word' id='word_1_158' title='bbox 497 2537 689 2595; x_wconf 76' lang='lat' dir='ltr'><strong>statuit</strong></span> 
     </span>
    </p>
   </div>
   <div class='ocr_carea' id='block_1_7' title="bbox 1874 2284 2624 2571">
    <p class='ocr_par' dir='ltr' id='par_1_10' title="bbox 1874 2284 2624 2571">
     <span class='ocr_line' id='line_1_27' title="bbox 1875 2284 2621 2343; baseline -0.011 0"><span class='ocrx_word' id='word_1_159' title='bbox 1875 2304 2092 2343; x_wconf 90' lang='lat' dir='ltr'><strong>suorum</strong></span> <span class='ocrx_word' id='word_1_160' title='bbox 2109 2285 2274 2340; x_wconf 86' lang='lat' dir='ltr'><strong>rebus</strong></span> <span class='ocrx_word' id='word_1_161' title='bbox 2285 2284 2451 2337; x_wconf 87' lang='lat' dir='ltr'><strong>etiam</strong></span> <span class='ocrx_word' id='word_1_162' title='bbox 2470 2285 2621 2336; x_wconf 91' lang='lat' dir='ltr'><strong>certo</strong></span> 
     </span>
     <span class='ocr_line' id='line_1_28' title="bbox 1875 2352 2624 2416; baseline -0.009 -2"><span class='ocrx_word' id='word_1_163' title='bbox 1875 2360 1983 2416; x_wconf 87' lang='lat' dir='ltr'><strong>sibi</strong></span> <span class='ocrx_word' id='word_1_164' title='bbox 2064 2356 2230 2414; x_wconf 82' lang='lat' dir='ltr'><strong>exitio</strong></span> <span class='ocrx_word' id='word_1_165' title='bbox 2313 2352 2624 2410; x_wconf 86' lang='lat' dir='ltr'><strong>audendum</strong></span> 
     </span>
     <span class='ocr_line' id='line_1_29' title="bbox 1875 2425 2623 2503; baseline -0.012 -16"><span class='ocrx_word' id='word_1_166' title='bbox 1875 2429 2080 2503; x_wconf 87' lang='lat' dir='ltr'><strong>aliquid</strong></span> <span class='ocrx_word' id='word_1_167' title='bbox 2130 2433 2189 2484; x_wconf 90' lang='lat' dir='ltr'><strong>et</strong></span> <span class='ocrx_word' id='word_1_168' title='bbox 2239 2425 2623 2496; x_wconf 83' lang='lat' dir='ltr'><strong>temptandum</strong></span> 
     </span>
     <span class='ocr_line' id='line_1_30' title="bbox 1874 2498 2503 2571; baseline -0.013 -9"><span class='ocrx_word' id='word_1_169' title='bbox 1874 2509 1999 2562; x_wconf 87' lang='lat' dir='ltr'><strong>rata</strong></span> <span class='ocrx_word' id='word_1_170' title='bbox 2038 2543 2052 2557; x_wconf 94' lang='lat'><strong>.</strong></span> <span class='ocrx_word' id='word_1_171' title='bbox 2089 2540 2105 2559; x_wconf 90' lang='lat'><strong>.</strong></span> <span class='ocrx_word' id='word_1_172' title='bbox 2144 2541 2159 2556; x_wconf 93' lang='lat'><strong>.</strong></span> <span class='ocrx_word' id='word_1_173' title='bbox 2195 2498 2503 2571; x_wconf 80' lang='lat' dir='ltr'><strong>ingreditur</strong></span> 
     </span>
    </p>
   </div>
   <div class='ocr_carea' id='block_1_8' title="bbox 381 2679 1858 2886">
    <p class='ocr_par' dir='ltr' id='par_1_11' title="bbox 381 2679 1858 2886">
     <span class='ocr_line' id='line_1_31' title="bbox 381 2679 1855 2824; baseline -0.011 -14"><span class='ocrx_word' id='word_1_174' title='bbox 381 2755 437 2824; x_wconf 87' lang='lat'><strong>1)</strong></span> <span class='ocrx_word' id='word_1_175' title='bbox 462 2679 783 2824; x_wconf 40' lang='lat' dir='ltr'><strong>conperssgm</strong></span> <span class='ocrx_word' id='word_1_176' title='bbox 794 2765 898 2819; x_wconf 84' lang='lat' dir='ltr'><strong>ego</strong></span> <span class='ocrx_word' id='word_1_177' title='bbox 911 2746 1089 2803; x_wconf 88' lang='lat' dir='ltr'><strong>habeo</strong></span> <span class='ocrx_word' id='word_1_178' title='bbox 1143 2746 1199 2801; x_wconf 92' lang='lat'><strong>11</strong></span> <span class='ocrx_word' id='word_1_179' title='bbox 1247 2748 1316 2802; x_wconf 84' lang='grc'><strong>21</strong></span> <span class='ocrx_word' id='word_1_180' title='bbox 1378 2742 1545 2799; x_wconf 91' lang='lat' dir='ltr'><strong>credo</strong></span> <span class='ocrx_word' id='word_1_181' title='bbox 1599 2757 1703 2812; x_wconf 84' lang='lat' dir='ltr'><strong>ego</strong></span> <span class='ocrx_word' id='word_1_182' title='bbox 1758 2755 1855 2795; x_wconf 84' lang='lat' dir='ltr'><strong>vos</strong></span> 
     </span>
     <span class='ocr_line' id='line_1_32' title="bbox 1111 2812 1858 2886; baseline -0.013 -11"><span class='ocrx_word' id='word_1_183' title='bbox 1111 2818 1240 2875; x_wconf 84' lang='lat' dir='ltr'><strong>satis</strong></span> <span class='ocrx_word' id='word_1_184' title='bbox 1287 2820 1632 2886; x_wconf 88' lang='lat' dir='ltr'><strong>conpertum·</strong></span> <span class='ocrx_word' id='word_1_185' title='bbox 1655 2812 1858 2868; x_wconf 85' lang='lat' dir='ltr'><strong>habere</strong></span> 
     </span>
    </p>
   </div>
   <div class='ocr_carea' id='block_1_9' title="bbox 331 2884 1858 2979">
    <p class='ocr_par' dir='ltr' id='par_1_12' title="bbox 331 2884 1858 2979">
     <span class='ocr_line' id='line_1_33' title="bbox 331 2884 1858 2979; baseline -0.01 -27"><span class='ocrx_word' id='word_1_186' title='bbox 331 2941 341 2952; x_wconf 75' lang='lat'><strong>.</strong></span> <span class='ocrx_word' id='word_1_187' title='bbox 379 2895 472 2965; x_wconf 82' lang='lat'><strong>21)</strong></span> <span class='ocrx_word' id='word_1_188' title='bbox 518 2911 626 2950; x_wconf 90' lang='lat' dir='ltr'><strong>neu</strong></span> <span class='ocrx_word' id='word_1_189' title='bbox 673 2892 840 2979; x_wconf 62' lang='lat' dir='ltr'><strong>sicuti</strong></span> <span class='ocrx_word' id='word_1_190' title='bbox 890 2907 1092 2963; x_wconf 85' lang='lat' dir='ltr'><strong>pecora</strong></span> <span class='ocrx_word' id='word_1_191' title='bbox 1144 2891 1193 2949; x_wconf 88' lang='lat' dir='ltr'><strong>V</strong></span> <span class='ocrx_word' id='word_1_192' title='bbox 1234 2893 1299 2945; x_wconf 82' lang='grc'><strong>18</strong></span> <span class='ocrx_word' id='word_1_193' title='bbox 1338 2889 1455 2944; x_wconf 85' lang='lat' dir='ltr'><strong>vice</strong></span> <span class='ocrx_word' id='word_1_194' title='bbox 1490 2902 1752 2959; x_wconf 86' lang='lat' dir='ltr'><strong>pecorum</strong></span> <span class='ocrx_word' id='word_1_195' title='bbox 1778 2884 1858 2939; x_wconf 89' lang='lat' dir='ltr'><strong>in-</strong></span> 
     </span>
    </p>
   </div>
   <div class='ocr_carea' id='block_1_10' title="bbox 342 2960 1853 3326">
    <p class='ocr_par' dir='ltr' id='par_1_13' title="bbox 342 2960 1853 3326">
     <span class='ocr_line' id='line_1_34' title="bbox 343 2960 1447 3037; baseline -0.007 -14"><span class='ocrx_word' id='word_1_196' title='bbox 343 2966 693 3037; x_wconf 84' lang='lat' dir='ltr'><strong>trucidemim</strong></span> <span class='ocrx_word' id='word_1_197' title='bbox 1109 2960 1447 3019; x_wconf 89' lang='lat' dir='ltr'><strong>terficiuntur</strong></span> 
     </span>
     <span class='ocr_line' id='line_1_35' title="bbox 679 3106 769 3161; baseline 0 0"><span class='ocrx_word' id='word_1_198' title='bbox 679 3106 769 3161; x_wconf 74' lang='lat'><strong>590</strong></span> 
     </span>
     <span class='ocr_line' id='line_1_36' title="bbox 383 3173 1853 3265; baseline -0.009 -29"><span class='ocrx_word' id='word_1_199' title='bbox 383 3182 439 3253; x_wconf 86' lang='lat'><strong>1)</strong></span> <span class='ocrx_word' id='word_1_200' title='bbox 485 3196 588 3265; x_wconf 74' lang='lat' dir='ltr'><strong>pro</strong></span> <span class='ocrx_word' id='word_1_201' title='bbox 634 3178 757 3262; x_wconf 81' lang='lat' dir='ltr'><strong>loco</strong></span> <span class='ocrx_word' id='word_1_202' title='bbox 804 3179 967 3245; x_wconf 87' lang='lat' dir='ltr'><strong>atque</strong></span> <span class='ocrx_word' id='word_1_203' title='bbox 1005 3191 1090 3230; x_wconf 88' lang='lat' dir='ltr'><strong>oo·</strong></span> <span class='ocrx_word' id='word_1_204' title='bbox 1146 3177 1173 3232; x_wconf 91' lang='lat'>1</span> <span class='ocrx_word' id='word_1_205' title='bbox 1191 3178 1259 3232; x_wconf 87' lang='grc'><strong>17</strong></span> <span class='ocrx_word' id='word_1_206' title='bbox 1285 3191 1387 3247; x_wconf 85' lang='lat' dir='ltr'><strong>pro</strong></span> <span class='ocrx_word' id='word_1_207' title='bbox 1410 3173 1671 3230; x_wconf 78' lang='lat' dir='ltr'><strong>facultate</strong></span> <span class='ocrx_word' id='word_1_208' title='bbox 1687 3186 1853 3240; x_wconf 90' lang='lat' dir='ltr'><strong>opum</strong></span> 
     </span>
     <span class='ocr_line' id='line_1_37' title="bbox 342 3244 1795 3326; baseline -0.008 -19"><span class='ocrx_word' id='word_1_209' title='bbox 342 3254 451 3326; x_wconf 86' lang='lat' dir='ltr'><strong>piis</strong></span> <span class='ocrx_word' id='word_1_210' title='bbox 486 3254 713 3306; x_wconf 84' lang='lat' dir='ltr'><strong>mstrmt</strong></span> <span class='ocrx_word' id='word_1_211' title='bbox 1114 3288 1128 3302; x_wconf 89' lang='lat'><strong>.</strong></span> <span class='ocrx_word' id='word_1_212' title='bbox 1166 3288 1180 3303; x_wconf 90' lang='lat'><strong>.</strong></span> <span class='ocrx_word' id='word_1_213' title='bbox 1219 3286 1233 3301; x_wconf 91' lang='lat'><strong>.</strong></span> <span class='ocrx_word' id='word_1_214' title='bbox 1269 3249 1563 3301; x_wconf 88' lang='lat' dir='ltr'><strong>instructas</strong></span> <span class='ocrx_word' id='word_1_215' title='bbox 1598 3244 1795 3300; x_wconf 88' lang='lat' dir='ltr'><strong>classes</strong></span> 
     </span>
    </p>
   </div>
   <div class='ocr_carea' id='block_1_11' title="bbox 340 3312 1856 3682">
    <p class='ocr_par' dir='ltr' id='par_1_14' title="bbox 340 3312 1856 3538">
     <span class='ocr_line' id='line_1_38' title="bbox 374 3312 1856 3394; baseline -0.01 -12"><span class='ocrx_word' id='word_1_216' title='bbox 374 3326 427 3394; x_wconf 85' lang='lat'><strong>3)</strong></span> <span class='ocrx_word' id='word_1_217' title='bbox 455 3324 516 3380; x_wconf 83' lang='lat' dir='ltr'><strong>G.</strong></span> <span class='ocrx_word' id='word_1_218' title='bbox 529 3321 794 3378; x_wconf 86' lang='lat' dir='ltr'><strong>Manlium</strong></span> <span class='ocrx_word' id='word_1_219' title='bbox 808 3318 867 3374; x_wconf 88' lang='lat' dir='ltr'><strong>in</strong></span> <span class='ocrx_word' id='word_1_220' title='bbox 884 3317 1090 3379; x_wconf 73' lang='lat' dir='ltr'><strong>dextra,</strong></span> <span class='ocrx_word' id='word_1_221' title='bbox 1143 3319 1199 3374; x_wconf 94' lang='lat'><strong>11</strong></span> <span class='ocrx_word' id='word_1_222' title='bbox 1237 3322 1308 3375; x_wconf 84' lang='lat'><strong>32</strong></span> <span class='ocrx_word' id='word_1_223' title='bbox 1344 3318 1597 3373; x_wconf 86' lang='lat' dir='ltr'><strong>dextrum</strong></span> <span class='ocrx_word' id='word_1_224' title='bbox 1622 3312 1856 3370; x_wconf 86' lang='lat' dir='ltr'><strong>Achilles</strong></span> 
     </span>
     <span class='ocr_line' id='line_1_39' title="bbox 340 3385 1854 3462; baseline -0.011 -8"><span class='ocrx_word' id='word_1_225' title='bbox 340 3397 706 3454; x_wconf 75' lang='lat' dir='ltr'><strong>Faesulanum</strong></span> <span class='ocrx_word' id='word_1_226' title='bbox 737 3389 1011 3462; x_wconf 87' lang='lat' dir='ltr'><strong>quendam</strong></span> <span class='ocrx_word' id='word_1_227' title='bbox 1033 3389 1088 3442; x_wconf 92' lang='lat' dir='ltr'><strong>in</strong></span> <span class='ocrx_word' id='word_1_228' title='bbox 1111 3409 1235 3446; x_wconf 89' lang='lat' dir='ltr'><strong>cum</strong></span> <span class='ocrx_word' id='word_1_229' title='bbox 1269 3387 1579 3455; x_wconf 84' lang='lat' dir='ltr'><strong>Antilocho,</strong></span> <span class='ocrx_word' id='word_1_230' title='bbox 1625 3385 1854 3442; x_wconf 87' lang='lat' dir='ltr'><strong>alterum</strong></span> 
     </span>
     <span class='ocr_line' id='line_1_40' title="bbox 340 3460 1854 3538; baseline -0.01 -12"><span class='ocrx_word' id='word_1_231' title='bbox 340 3469 558 3526; x_wconf 71' lang='lat' dir='ltr'><strong>sinistra</strong></span> <span class='ocrx_word' id='word_1_232' title='bbox 569 3471 727 3538; x_wconf 87' lang='lat' dir='ltr'><strong>parte</strong></span> <span class='ocrx_word' id='word_1_233' title='bbox 736 3460 1091 3532; x_wconf 85' lang='lat' dir='ltr'><strong>curarejubet</strong></span> <span class='ocrx_word' id='word_1_234' title='bbox 1111 3464 1245 3533; x_wconf 83' lang='lat' dir='ltr'><strong>Ajax</strong></span> <span class='ocrx_word' id='word_1_235' title='bbox 1314 3460 1660 3517; x_wconf 88' lang='lat' dir='ltr'><strong>Telamonius</strong></span> <span class='ocrx_word' id='word_1_236' title='bbox 1730 3475 1854 3515; x_wconf 90' lang='lat' dir='ltr'><strong>cum</strong></span> 
     </span>
    </p>

    <p class='ocr_par' dir='ltr' id='par_1_15' title="bbox 382 3532 1851 3682">
     <span class='ocr_line' id='line_1_41' title="bbox 1112 3532 1675 3591; baseline -0.009 -1"><span class='ocrx_word' id='word_1_237' title='bbox 1112 3534 1374 3591; x_wconf 84' lang='lat' dir='ltr'><strong>Diomede</strong></span> <span class='ocrx_word' id='word_1_238' title='bbox 1407 3532 1675 3588; x_wconf 79' lang='lat' dir='ltr'><strong>curabant</strong></span> 
     </span>
     <span class='ocr_line' id='line_1_42' title="bbox 382 3605 1851 3682; baseline -0.005 -18"><span class='ocrx_word' id='word_1_239' title='bbox 382 3611 441 3682; x_wconf 79' lang='grc' dir='ltr'><strong>ὅ)</strong></span> <span class='ocrx_word' id='word_1_240' title='bbox 473 3611 587 3681; x_wconf 83' lang='lat' dir='ltr'><strong>ipse</strong></span> <span class='ocrx_word' id='word_1_241' title='bbox 605 3627 747 3680; x_wconf 88' lang='lat' dir='ltr'><strong>equo</strong></span> <span class='ocrx_word' id='word_1_242' title='bbox 766 3605 1087 3664; x_wconf 84' lang='lat' dir='ltr'><strong>circumiens</strong></span> <span class='ocrx_word' id='word_1_243' title='bbox 1142 3607 1225 3663; x_wconf 92' lang='lat'><strong>111</strong></span> <span class='ocrx_word' id='word_1_244' title='bbox 1262 3609 1296 3662; x_wconf 81' lang='lat'>5</span> <span class='ocrx_word' id='word_1_245' title='bbox 1348 3605 1589 3676; x_wconf 83' lang='lat' dir='ltr'><strong>singulos</strong></span> <span class='ocrx_word' id='word_1_246' title='bbox 1635 3618 1851 3660; x_wconf 85' lang='lat' dir='ltr'><strong>suorum</strong></span> 
     </span>
    </p>
   </div>
   <div class='ocr_carea' id='block_1_12' title="bbox 228 3677 1852 3751">
    <p class='ocr_par' dir='ltr' id='par_1_16' title="bbox 228 3677 1852 3751">
     <span class='ocr_line' id='line_1_43' title="bbox 228 3677 1852 3751; baseline -0.007 -13"><span class='ocrx_word' id='word_1_247' title='bbox 228 3691 236 3700; x_wconf 94' lang='grc'><strong>’</strong></span> <span class='ocrx_word' id='word_1_248' title='bbox 342 3699 508 3737; x_wconf 91' lang='lat' dir='ltr'><strong>unum</strong></span> <span class='ocrx_word' id='word_1_249' title='bbox 527 3694 792 3751; x_wconf 87' lang='lat' dir='ltr'><strong>quemque</strong></span> <span class='ocrx_word' id='word_1_250' title='bbox 802 3677 1087 3734; x_wconf 85' lang='lat' dir='ltr'><strong>nominans</strong></span> <span class='ocrx_word' id='word_1_251' title='bbox 1108 3678 1327 3736; x_wconf 88' lang='lat' dir='ltr'><strong>nomine</strong></span> <span class='ocrx_word' id='word_1_252' title='bbox 1385 3678 1666 3748; x_wconf 86' lang='lat' dir='ltr'><strong>appellans</strong></span> <span class='ocrx_word' id='word_1_253' title='bbox 1719 3714 1733 3729; x_wconf 91' lang='lat'><strong>.</strong></span> <span class='ocrx_word' id='word_1_254' title='bbox 1783 3713 1799 3728; x_wconf 91' lang='lat'><strong>.</strong></span> <span class='ocrx_word' id='word_1_255' title='bbox 1837 3711 1852 3727; x_wconf 87' lang='lat'><strong>.</strong></span> 
     </span>
    </p>
   </div>
   <div class='ocr_carea' id='block_1_13' title="bbox 342 3748 1853 4235">
    <p class='ocr_par' dir='ltr' id='par_1_17' title="bbox 342 3748 1853 4235">
     <span class='ocr_line' id='line_1_44' title="bbox 342 3748 1708 3825; baseline -0.007 -15"><span class='ocrx_word' id='word_1_256' title='bbox 342 3753 587 3825; x_wconf 84' lang='lat' dir='ltr'><strong>adpellat</strong></span> <span class='ocrx_word' id='word_1_257' title='bbox 616 3753 864 3809; x_wconf 88' lang='lat' dir='ltr'><strong>hortatur</strong></span> <span class='ocrx_word' id='word_1_258' title='bbox 1107 3752 1356 3808; x_wconf 85' lang='lat' dir='ltr'><strong>hortatur</strong></span> <span class='ocrx_word' id='word_1_259' title='bbox 1391 3749 1490 3806; x_wconf 80' lang='lat' dir='ltr'><strong>cfr.</strong></span> <span class='ocrx_word' id='word_1_260' title='bbox 1526 3748 1582 3803; x_wconf 87' lang='lat' dir='ltr'>H</span> <span class='ocrx_word' id='word_1_261' title='bbox 1619 3749 1708 3803; x_wconf 84' lang='grc'><strong>37.</strong></span> 
     </span>
     <span class='ocr_line' id='line_1_45' title="bbox 556 3878 766 3950; baseline -0.024 1"><span class='ocrx_word' id='word_1_262' title='bbox 556 3878 561 3883; x_wconf 76' lang='grc'><em>’</em></span> <span class='ocrx_word' id='word_1_263' title='bbox 679 3896 766 3950; x_wconf 85' lang='lat'><strong>60.</strong></span> 
     </span>
     <span class='ocr_line' id='line_1_46' title="bbox 377 3957 1853 4037; baseline -0.007 -14"><span class='ocrx_word' id='word_1_264' title='bbox 377 3967 434 4036; x_wconf 83' lang='lat'><strong>6)</strong></span> <span class='ocrx_word' id='word_1_265' title='bbox 468 3965 530 4021; x_wconf 91' lang='lat' dir='ltr'><strong>in</strong></span> <span class='ocrx_word' id='word_1_266' title='bbox 562 3965 755 4037; x_wconf 82' lang='lat' dir='ltr'><strong>primis</strong></span> <span class='ocrx_word' id='word_1_267' title='bbox 780 3964 1085 4036; x_wconf 74' lang='lat' dir='ltr'><strong>pugnantes</strong></span> <span class='ocrx_word' id='word_1_268' title='bbox 1140 3964 1197 4019; x_wconf 89' lang='lat'><strong>11</strong></span> <span class='ocrx_word' id='word_1_269' title='bbox 1223 3965 1284 4020; x_wconf 90' lang='grc'><strong>11</strong></span> <span class='ocrx_word' id='word_1_270' title='bbox 1327 3962 1472 4018; x_wconf 88' lang='lat' dir='ltr'><strong>inter</strong></span> <span class='ocrx_word' id='word_1_271' title='bbox 1506 3961 1714 4033; x_wconf 83' lang='lat' dir='ltr'><strong>primos</strong></span> <span class='ocrx_word' id='word_1_272' title='bbox 1739 3957 1853 4015; x_wconf 89' lang='lat' dir='ltr'><strong>bel-</strong></span> 
     </span>
     <span class='ocr_line' id='line_1_47' title="bbox 342 4030 1747 4099; baseline -0.008 -1"><span class='ocrx_word' id='word_1_273' title='bbox 342 4039 546 4099; x_wconf 84' lang='lat' dir='ltr'><strong>cadunt</strong></span> <span class='ocrx_word' id='word_1_274' title='bbox 1106 4035 1270 4093; x_wconf 86' lang='lat' dir='ltr'><strong>lando</strong></span> <span class='ocrx_word' id='word_1_275' title='bbox 1305 4035 1420 4091; x_wconf 90' lang='lat' dir='ltr'><strong>telo</strong></span> <span class='ocrx_word' id='word_1_276' title='bbox 1456 4033 1599 4090; x_wconf 88' lang='lat' dir='ltr'><strong>ictus</strong></span> <span class='ocrx_word' id='word_1_277' title='bbox 1633 4030 1747 4089; x_wconf 90' lang='lat' dir='ltr'><strong>ruit</strong></span> 
     </span>
     <span class='ocr_line' id='line_1_48' title="bbox 675 4181 768 4235; baseline -0.022 0"><span class='ocrx_word' id='word_1_278' title='bbox 675 4181 768 4235; x_wconf 88' lang='grc'><strong>61.</strong></span> 
     </span>
    </p>
   </div>
   <div class='ocr_carea' id='block_1_14' title="bbox 268 4236 2617 4373">
    <p class='ocr_par' dir='ltr' id='par_1_18' title="bbox 268 4236 2617 4373">
     <span class='ocr_line' id='line_1_49' title="bbox 268 4236 2617 4322; baseline -0.008 -10"><span class='ocrx_word' id='word_1_279' title='bbox 268 4243 273 4251; x_wconf 80' lang='grc'>’</span> <span class='ocrx_word' id='word_1_280' title='bbox 381 4251 436 4322; x_wconf 92' lang='grc'><strong>1)</strong></span> <span class='ocrx_word' id='word_1_281' title='bbox 473 4255 600 4308; x_wconf 90' lang='lat' dir='ltr'><strong>tum</strong></span> <span class='ocrx_word' id='word_1_282' title='bbox 634 4266 762 4309; x_wconf 86' lang='lat' dir='ltr'><strong>vero</strong></span> <span class='ocrx_word' id='word_1_283' title='bbox 798 4263 1050 4307; x_wconf 86' lang='lat' dir='ltr'><strong>cerneres</strong></span> <span class='ocrx_word' id='word_1_284' title='bbox 1136 4249 1569 4307; x_wconf 80' lang='lat' dir='ltr'><strong>IV7tumvero</strong></span> <span class='ocrx_word' id='word_1_285' title='bbox 1605 4261 1851 4303; x_wconf 82' lang='lat' dir='ltr'><strong>cerneres</strong></span> <span class='ocrx_word' id='word_1_286' title='bbox 1908 4242 1969 4298; x_wconf 86' lang='grc' dir='ltr'><strong>Μ</strong></span> <span class='ocrx_word' id='word_1_287' title='bbox 2017 4243 2117 4310; x_wconf 84' lang='grc'><strong>14,</strong></span> <span class='ocrx_word' id='word_1_288' title='bbox 2161 4243 2213 4296; x_wconf 84' lang='lat'><strong>2.</strong></span> <span class='ocrx_word' id='word_1_289' title='bbox 2265 4238 2315 4293; x_wconf 92' lang='lat' dir='ltr'>D</span> <span class='ocrx_word' id='word_1_290' title='bbox 2349 4236 2433 4294; x_wconf 92' lang='lat'><strong>111</strong></span> <span class='ocrx_word' id='word_1_291' title='bbox 2463 4243 2525 4306; x_wconf 85' lang='lat'><strong>6,</strong></span> <span class='ocrx_word' id='word_1_292' title='bbox 2579 4238 2617 4294; x_wconf 82' lang='lat'>4</span> 
     </span>
     <span class='ocr_line' id='line_1_50' title="bbox 1868 4320 2435 4373; baseline -0.002 -2"><span class='ocrx_word' id='word_1_293' title='bbox 1868 4320 1989 4373; x_wconf 85' lang='lat' dir='ltr'><strong>tum</strong></span> <span class='ocrx_word' id='word_1_294' title='bbox 2022 4328 2151 4372; x_wconf 80' lang='lat' dir='ltr'><strong>vero</strong></span> <span class='ocrx_word' id='word_1_295' title='bbox 2184 4327 2435 4370; x_wconf 81' lang='lat' dir='ltr'><strong>cerneres</strong></span> 
     </span>
    </p>
   </div>
   <div class='ocr_carea' id='block_1_15' title="bbox 374 4388 1837 4469">
    <p class='ocr_par' dir='ltr' id='par_1_19' title="bbox 374 4388 1837 4469">
     <span class='ocr_line' id='line_1_51' title="bbox 374 4388 1837 4469; baseline -0.005 -17"><span class='ocrx_word' id='word_1_296' title='bbox 374 4393 430 4469; x_wconf 83' lang='lat'><strong>2)</strong></span> <span class='ocrx_word' id='word_1_297' title='bbox 475 4409 636 4467; x_wconf 83' lang='lat' dir='ltr'><strong>quem</strong></span> <span class='ocrx_word' id='word_1_298' title='bbox 681 4392 907 4466; x_wconf 84' lang='lat' dir='ltr'><strong>quisque</strong></span> <span class='ocrx_word' id='word_1_299' title='bbox 939 4408 1077 4464; x_wconf 85' lang='lat' dir='ltr'><strong>pug·</strong></span> <span class='ocrx_word' id='word_1_300' title='bbox 1130 4389 1187 4446; x_wconf 88' lang='lat'><strong>11</strong></span> <span class='ocrx_word' id='word_1_301' title='bbox 1206 4390 1279 4446; x_wconf 78' lang='lat'><strong>46</strong></span> <span class='ocrx_word' id='word_1_302' title='bbox 1313 4393 1375 4448; x_wconf 91' lang='lat' dir='ltr'><strong>ut</strong></span> <span class='ocrx_word' id='word_1_303' title='bbox 1406 4388 1633 4463; x_wconf 82' lang='lat' dir='ltr'><strong>quisque</strong></span> <span class='ocrx_word' id='word_1_304' title='bbox 1652 4390 1837 4446; x_wconf 83' lang='lat' dir='ltr'><strong>locum</strong></span> 
     </span>
    </p>
   </div>
   <div class='ocr_carea' id='block_1_16' title="bbox 2989 2888 2991 3999">
    <p class='ocr_par' dir='ltr' id='par_1_20' title="bbox 2989 2888 2991 3999">
     <span class='ocr_line' id='line_1_52' title="bbox 2989 2888 2991 3999; baseline 0 0"><span class='ocrx_word' id='word_1_305' title='bbox 2989 2888 2991 3999; x_wconf 95' lang='lat' dir='ltr'><strong> </strong></span> 
     </span>
    </p>
   </div>
  </div>
 </body>
</html>
