3000 4792
459 262 499 307 .
1261 234 1279 247 ⁸
1507 232 1611 298 265

618 352 774 466 san.
816 399 972 489 Jug.
1397 404 1575 470 niet.
1613 402 1731 469 cr,
1967 401 1971 419 ³
2208 401 2275 470 s.
2319 401 2466 473 θεν.

456 555 519 625 ’8)
554 556 652 614 diu
670 559 1024 633 multumque
1051 559 1172 617 fati·
1227 560 1304 616 VI
1341 562 1375 616 8
1411 562 1645 617 multum
1680 578 1830 617 mare
1864 560 1939 616 fa·

429 630 544 700 gati
1195 635 1400 699 tigatus

463 701 521 769 4)
552 719 663 758 non
712 704 923 759 castelli
972 704 1176 760 moeni·
1230 705 1306 760 IV
1344 708 1414 759 20
1451 704 1590 758 adeo
1653 702 1941 770 deterruit,
1998 701 2038 756 C
2086 702 2114 756 I
2151 703 2237 769 50,
2293 705 2330 757 4
2382 722 2494 761 non
2548 723 2707 762 ausus

426 773 527 828 bus
563 792 681 830 sese
715 778 1053 839 tutabantur,
1090 783 1175 831 set
1197 782 1256 831 ut
1291 778 1380 829 vix
1415 793 1474 831 se
1527 777 1809 830 moenibus
1846 775 1942 830 de·
1961 792 2182 829 manum
2202 791 2502 844 conserere,
2539 779 2707 834 muris

426 861 529 914 pro
566 864 723 902 muro
768 888 780 902 .
822 889 835 902 .
870 887 885 903 .
923 850 1132 917 agitare
1199 852 1469 903 tensarent
1963 864 2020 901 se
2055 847 2313 903 tuebatur

482 919 538 984 6)
596 935 662 974 eo
727 921 904 975 acrius
958 921 1174 977 instare,
1229 921 1309 973 111
1347 923 1380 974 6
1426 920 1552 974 dein
1591 958 1603 971 .
1644 959 1657 972 .
1697 958 1710 971 .
1758 934 1942 972 rursus

427 987 653 1044 fundere
718 1008 808 1045 rac
888 991 1174 1060 plerosque
1198 993 1568 1047 vehementius
1604 990 1808 1044 saevire
1846 1007 1943 1044 ex—

425 1063 640 1117 tantum
693 1063 861 1117 modo
917 1065 1174 1131 sauciare,
1197 1070 1479 1133 tractoque
1539 1103 1552 1115 .
1618 1102 1631 1116 .
1688 1103 1701 1117 .
1757 1062 1942 1130 jaculo

427 1132 554 1185 dein
629 1150 790 1202 super
870 1136 1171 1190 occisorum
1198 1135 1416 1190 fundere
1464 1135 1654 1190 obvios
1708 1151 1773 1189 ac
1818 1151 1942 1201 pro-

426 1219 658 1274 corpora
692 1205 891 1262 vadere
1194 1214 1394 1261 stratos
1441 1225 1567 1261 oum
1617 1206 1750 1261 alios
1797 1206 1942 1258 inva-

1168 1281 1366 1341 'deret,
1401 1279 1535 1332 alios
1567 1278 1797 1346 desuper
1815 1294 1940 1346 pro-

762 1418 832 1472 95
1195 1353 1412 1408 calcans
1448 1355 1724 1421 optereret

457 1489 516 1559 3)
562 1489 760 1544 nobilis
816 1490 917 1544 fuit
968 1488 1173 1544 familia
1997 1480 2037 1535 O
2072 1480 2126 1534 ΙΙ
2146 1482 2243 1564 46,
2272 1483 2303 1535 3
2339 1479 2704 1564 Priscillianus

432 1600 447 1614 .
468 1600 482 1615 .
503 1602 517 1616 .
551 1562 750 1615 litteris
769 1562 990 1616 Graecis
1010 1569 1172 1630 atque
1961 1594 1973 1607 .
2015 1592 2028 1606 .
2069 1593 2082 1606 .
2118 1554 2323 1607 familia
2344 1554 2545 1607 nobilis
2585 1590 2600 1607 .
2637 1592 2651 1605 .
2690 1590 2704 1606 .

427 1632 640 1688 Latinis
676 1635 833 1701 juxta
878 1651 940 1688 ac
975 1636 1172 1689 doetis-
1961 1625 2234 1707 facundus,
2268 1626 2443 1680 multa
2473 1625 2705 1681 lectione

429 1721 583 1760 sume
623 1705 864 1759 eruditus
1958 1697 2197 1752 eruditus

464 1778 524 1843 4)
575 1777 658 1830 illi
706 1816 720 1831 .
758 1816 772 1830 .
811 1817 824 1831 .
878 1773 1170 1844 numq‘uam
1227 1774 1309 1828 III
1353 1778 1416 1829 16
1451 1774 1644 1829 fortior
1667 1790 1834 1844 quam·
1865 1775 1937 1829 se-

428 1864 592 1918 super
618 1848 939 1902 industriam
960 1848 1171 1901 fortuna
1198 1848 1351 1901 licior
1408 1847 1557 1914 (add.
1629 1848 1937 1914 Dederich.)

431 1919 551 1979 fuit,
577 1920 837 1988 multique
859 1921 1174 1974 dubitavere
1196 1920 1284 1972 cui
1334 1918 1527 1975 inclito
1588 1936 1689 1986 per
1750 1927 1938 1990 gentes

430 1991 626 2046 fortior
671 2009 740 2046 an
787 1991 1000 2046 felicior
1036 1997 1177 2047 esset
1195 2008 1486 2059 numquam
1557 1995 1740 2044 tamen
1802 1993 1939 2046 vires

864 2065 873 2075 ’
1197 2064 1422 2118 consilio
1460 2064 1838 2130 superfuerant:

468 2151 597 2188 nam
653 2139 844 2203 postea
904 2152 1044 2204 quae
1099 2134 1176 2189 fe·
1997 2128 2038 2184 C
2069 2129 2229 2198 1128,
2266 2131 2296 2183 3
2335 2127 2544 2195 reliqua
2577 2143 2705 2182 vero

431 2208 593 2274 cerit,
663 2209 932 2261 incertum
985 2207 1175 2276 habeo,
1962 2203 2078 2271 ejus
2115 2204 2382 2255 incertum
2418 2202 2607 2269 pigeat
2636 2216 2708 2254 an

428 2278 638 2349 pudeat
671 2297 739 2333 an
783 2280 970 2350 pigeat
1003 2280 1177 2350 magis
1964 2274 2168 2343 pudeat
2214 2275 2389 2344 magis
2440 2273 2707 2328 disserere

431 2349 694 2404 disserere
804 2422 837 2475 6
2645 2354 2656 2359 “

469 2494 525 2559 3)
561 2510 733 2562 neque
749 2492 977 2548 consilio
1002 2509 1177 2561 neque
1232 2491 1287 2545 ΙΙ
1340 2490 1409 2545 35
1466 2493 1683 2559 praeter
1731 2492 1941 2543 ceteros

431 2581 594 2618 manu
613 2567 848 2635 priorem
865 2566 1033 2618 alium
1045 2565 1176 2634 pati.
1201 2604 1213 2618 .
1236 2603 1249 2616 .
1272 2600 1285 2614 .
1321 2563 1548 2617 consilio
1574 2567 1739 2630 atque
1777 2563 1940 2615 armis

431 2636 717 2707 plerosque
735 2638 852 2706 ipse
869 2637 1176 2692 antevenire
1197 2635 1443 2705 pollebat

471 2779 527 2847 3)
575 2780 683 2834 rati
737 2712 956 2834 nzztem
1020 2820 1034 2835 .
1090 2818 1104 2833 .
1163 2819 1176 2832 .
1232 2777 1309 2834 IV
1364 2779 1396 2830 5
1461 2794 1571 2831 nox
1634 2775 1944 2847 perfugium
2000 2790 2041 2845 0
2089 2790 2117 2843 1
2167 2795 2267 2859 23²
2322 2792 2355 2845 3
2411 2807 2536 2845 cum
2587 2831 2600 2845 ,
2640 2830 2655 2846 ,
2690 2831 2705 2846 ,

433 2852 541 2906 sibi
575 2853 911 2907 munimento
947 2851 1063 2905 fore
1197 2850 1562 2903 laborantium
1964 2880 2175 2932 noxque
2219 2864 2377 2917 victis
2430 2862 2706 2932 praesidio

1966 2936 2148 2990 futura
2182 2935 2458 2990 videretur

472 2989 530 3059 4)
566 3008 719 3048 more
753 2993 930 3062 proeli
1233 2992 1282 3049 V
1322 2994 1387 3046 13
1424 3008 1578 3046 more
1615 2991 1749 3046 belli

424 3122 431 3125 Ι
480 3080 594 3117 non
645 3065 763 3120 acie
831 3081 1006 3136 neque
1066 3065 1178 3119 ullo
1235 3064 1288 3117 II
1337 3066 1408 3125 46
1461 3063 1666 3133 raptim
1718 3081 1783 3118 ac
1830 3063 1945 3117 sine

432 3151 587 3190 more
639 3137 842 3208 proeli,
889 3144 974 3192 set
1008 3143 1178 3193 cater-
1202 3137 1323 3190 ullis
1344 3136 1643 3206 ordinibus,
1672 3140 1733 3189 ut
1762 3154 1945 3205 quem-

432 3208 632 3270 vatim,
682 3213 743 3261 ut
795 3226 1035 3279 quosque
1069 3210 1178 3263 fors
1198 3224 1303 3277 que
1348 3210 1460 3262 fors
1506 3208 1944 3277 conglobaverat,

432 3280 874 3348 conglobaverat,
893 3282 950 3335 in
965 3287 1179 3336 nostros
1200 3281 1271 3335 ad
1306 3297 1468 3336 naves
1507 3281 1728 3336 evolant

432 3349 718 3405 incurrunt

471 3423 528 3491 ὃ)
582 3425 731 3477 orbis
785 3423 963 3478 facere
1017 3428 1180 3492 atque
1234 3423 1312 3483 IV
1366 3427 1399 3479 5
1445 3421 1751 3478 confirmati
1802 3421 1947 3476 inter

431 3493 512 3547 ita
548 3495 617 3548 ab
655 3495 905 3549 omnibus
934 3498 1180 3564 partibus
1201 3513 1259 3549 se
1332 3497 1463 3549 satis
1536 3495 1772 3561 impigre
1835 3493 1945 3547 vim

433 3565 594 3619 simul
645 3567 781 3620 tecti
827 3573 883 3621 et
928 3568 1179 3622 instructi
1202 3568 1438 3622 hostium
1472 3572 1844 3619 sustentavero

431 3637 672 3694 hostium
684 3639 795 3694 vim
804 3641 1181 3696 sustentabant

470 3781 529 3851 4)
554 3781 717 3850 pleno
741 3713 915 3853 'gli-{du
937 3824 952 3839 .
980 3823 994 3838 .
1019 3823 1034 3839 .
1059 3783 1179 3839 sub·
1232 3780 1286 3832 II
1325 3781 1397 3833 40
1430 3777 1596 3848 pleno
1630 3775 1807 3847 gradu
1846 3817 1860 3832 .
1888 3819 1903 3835 .
1931 3821 1944 3835 .

432 3851 583 3908 ducit
1201 3852 1399 3908 cedens

473 3924 530 3994 6)
567 3925 696 3979 dein
732 3927 937 3982 crebris
963 3924 1182 3996 ignibus
1237 3924 1318 3978 111
1362 3926 1428 3977 12
1463 3919 1581 3992 igni
1616 3919 1853 3990 plurimo
1888 3919 1945 3975 in

434 3996 592 4053 factis
641 3999 960 4068 plerumque
1006 3998 1182 4052 noctis
1202 3997 1366 4051 armis
1397 3997 1729 4067 pernoctant

437 4109 453 4125 .
493 4110 508 4125 .
547 4110 562 4125 .
595 4071 788 4126 laetari

475 4212 529 4281 1)
565 4145 862 4269 alentini}
878 4211 1072 4269 haberi
1098 4214 1181 4285 ju·
1238 4213 1289 4273 v
1327 4213 1361 4267 e
1398 4209 1617 4267 silentio
1652 4207 1841 4263 habito

434 4282 533 4424 δέ)
568 4372 742 4424 neque
789 4356 978 4426 fugere
1013 4372 1184 4425 neque
1239 4354 1294 4408 11
1332 4356 1396 4408 11
1437 4372 1562 4412 cum
1600 4394 1613 4409 .
1645 4394 1658 4408 .
1682 4393 1696 4408 .
1731 4350 1950 4406 infensis

436 4442 593 4482 arma
624 4444 839 4498 capere,
875 4445 1048 4497 neque
1071 4447 1184 4484 om·
1205 4428 1451 4485 hostibus
1497 4431 1556 4483 et
1604 4425 1754 4482 omni
1787 4423 1978 4479 modo,
