3000 4792
481 377 687 464 ipsius
748 375 1047 458 Sallusti,
1119 378 1489 467 imitatoris*
1529 401 1680 445 vero
1757 400 2019 466 prorsus
2095 379 2350 446 nullum
2433 380 2784 448 iuvenitur

484 485 849 569 exemplum
863 532 879 563 ,
942 483 1453 570 posthabendam
1520 506 1657 552 esse
1715 485 2102 553 arbitremur
2120 536 2135 567 ,
2196 489 2272 551 ut
2313 484 2488 557 vum
2533 488 2634 555 vel
2695 489 2784 563 in

485 590 1030 670 insolentioribus,
1091 592 1146 656 si
1191 592 1631 678 compluribus
1675 593 2071 659 imitatorum
2114 593 2273 659 locis
2315 592 2783 678 defendantur,

488 697 629 762 sine
669 696 803 761 ulla
843 696 1247 769 dubitatione
1291 699 1687 784 sequendum
1732 721 1866 765 esse
1905 700 2287 769 statuamus.
2781 700 2790 703 ‘

1397 955 1545 1042 Jug.
1594 957 1694 1040 14,
1744 958 1846 1022 12.

661 1127 845 1213 »Ego
889 1125 1278 1215 (Adherbal)
1320 1128 1411 1194 sic
1455 1127 1942 1210 existumabam,
1988 1127 2208 1212 patres
2249 1125 2622 1211 conscripti,
2671 1126 2785 1203 uti
2807 1172 2824 1180 ·

392 1262 399 1269 ·
483 1231 962 1317 praedicantem
1007 1232 1373 1297 audiveram
1397 1235 1649 1317 patrem
1678 1253 1925 1297 meum:
1969 1231 2082 1315 qui
2105 1231 2389 1299 vostram
2413 1229 2777 1296 amicitiam

481 1336 829 1422 diligenter
869 1338 1177 1417 colerent,
1224 1360 1332 1404 eos
1375 1338 1652 1405 multum
1695 1338 1939 1403 laboris
1984 1337 2325 1423 suscipere,
2370 1338 2655 1402 ceterum
2681 1357 2773 1409 ex

482 1443 782 1510 omnibus
823 1465 1121 1509 maxume
1162 1446 1340 1509 tutos
1381 1464 1554 1509 esse«

657 1547 721 1615 V
783 1551 1098 1616 »multum
1152 1551 1465 1631 laboris«,
1531 1549 1604 1616 P.
1650 1547 1719 1615 O.
1767 1548 2083 1613 »multum
2125 1547 2477 1613 laborem«.
2540 1582 2630 1609 —.-
2674 1545 2769 1613 Vi

481 1653 866 1739 scripturam
888 1654 1317 1721 Weinholdus
1360 1678 1474 1722 suo
1513 1657 1659 1742 jure
1696 1655 2078 1741 praetulisse
2099 1653 2372 1719 videtur.
2461 1650 2765 1738 Namque

479 1778 560 1823 ex
605 1759 924 1824 »multum
966 1760 1272 1842 laboris«,
1333 1782 1478 1826 eum
1525 1761 1803 1840 librarii,
1851 1763 2155 1825 neutrum
2195 1758 2382 1837 illud,
2445 1758 2616 1842 quod
2660 1757 2769 1824 vel

477 1865 954 1931 substantivum
997 1867 1100 1932 vel
1140 1868 1528 1951 adjectivum
1547 1888 1687 1934 esse
1725 1868 1957 1953 posset,
1987 1865 2394 1952 adjectivum
2440 1864 2567 1935 rati
2612 1862 2767 1932 sub-

476 1970 827 2036 stantivum
877 1972 1242 2037 »laborem«
1291 1973 1513 2038 eodem
1556 1993 1709 2038 casu
1751 1972 2099 2052 adicerent,
2118 2014 2123 2025 ·
2143 1971 2528 2057 scripturam
2555 1970 2767 2039 »mul-

473 2076 616 2139 tum
658 2075 987 2142 laborem«
1035 2077 1341 2143 facillime
1358 2079 1527 2143 oriri
1568 2078 1855 2163 potuisse
1877 2066 2089 2162 neque
2115 2076 2253 2161 ejus
2276 2075 2448 2151 medi
2476 2097 2763 2155 errorem

477 2181 681 2246 ullum
738 2182 808 2247 in
864 2179 1189 2248 femininis
1231 2203 1352 2247 usu
1396 2183 1647 2260 venire,
1707 2182 1818 2253 sed
1862 2184 2118 2247 tantum
2163 2181 2354 2249 modo
2399 2181 2470 2246 in
2513 2202 2759 2257 mascns·

472 2284 625 2352 linis
681 2289 751 2352 et
803 2287 1050 2355 neutris
1108 2289 1268 2355 scite
1326 2291 1394 2355 et
1435 2290 1767 2374 eleganter
1809 2288 2276 2354 demonstravit
2325 2286 2448 2353 cfr.
2494 2312 2557 2375 p.
2609 2286 2755 2367 194.

473 2391 822 2487 Pei-multis
865 2414 1015 2459 vero
1058 2394 1366 2478 exemplis
1408 2416 1539 2461 non
1569 2393 1758 2460 modo
1789 2395 2004 2478 ipsum
2028 2390 2403 2459 Sallustium
2432 2392 2541 2459 sed
2559 2394 2756 2472 etiam

468 2500 784 2565 sermonis
853 2501 988 2585 ejus
1050 2502 1409 2573 imitatores
1472 2501 1785 2585 adjectiva
1846 2500 1950 2567 vel
2016 2500 2404 2585 pronomina
2465 2500 2756 2566 neutrius

470 2605 725 2690 generis
783 2626 928 2670 cum
969 2608 1270 2692 genitivis
1311 2608 1864 2675 substantivorum
1908 2607 2303 2693 conjungere
2358 2607 2560 2671 solere
2604 2626 2756 2671 con-

472 2710 716 2776 firmari
773 2713 1005 2795 potest.
1113 2710 1309 2797 Cujus
1365 2711 1845 2778 consuetudinis
1899 2734 2292 2797 quamquam
2351 2711 2753 2777 Badstiibner

468 2815 592 2888 »de
614 2815 901 2881 Sallustii
946 2817 1201 2883 dicendi
1236 2839 1521 2903 genere«
1569 2841 1633 2902 p.
1662 2818 1746 2885 24
1788 2819 2101 2885 nonnulla
2143 2820 2405 2903 eollegit
2440 2819 2749 2905 exempla,

471 2923 689 2987 tamen
733 2923 788 2986 is
831 2946 1132 2988 numerus
1176 2924 1514 3008 permultis
1559 2923 1702 2989 aliis
1747 2925 1971 3008 augeri
2021 2925 2254 3009 potest.

643 3027 709 3116 a)
755 3030 1060 3113 adJectiva
1098 3029 1239 3094 Cat.
1288 3033 1347 3107 6,
1397 3033 1435 3093 3
1480 3029 1789 3115 pleraque
1833 3030 2221 3097 mortalium.
2306 3030 2403 3108 17,
2447 3031 2489 3103 2
2534 3032 2753 3116 ΡΙιιτω-

466 3155 643 3199 mum
689 3135 1007 3200 audaciae.
1100 3135 1204 3214 42,
1253 3139 1290 3199 2
1338 3135 1482 3221 plus
1527 3135 1778 3201 timoris
1819 3157 2016 3220 quam
2042 3136 2333 3219 periculi.
2398 3135 2544 3221 «Ing.
2576 3137 2678 3215 21,
2710 3137 2748 3211 2

468 3239 598 3306 diei
648 3243 1033 3306 extremum.
1124 3243 1228 3319 21,
1275 3242 1316 3306 2
1374 3242 1754 3327 plerumque
1814 3242 2045 3309 noctis.
2139 3243 2243 3322 31,
2292 3243 2376 3306 22
2431 3246 2747 3327 quantum

464 3343 981 3429 inportunitatis,
1029 3347 1134 3426 37,
1158 3351 1199 3411 4
1242 3347 1313 3412 in
1357 3348 1693 3432 praerupti
1736 3346 1976 3412 montis
2021 3348 2327 3413 extreme.
2405 3347 2509 3423 42,
2541 3346 2584 3410 4
2607 3345 2747 3430 plus

464 3450 718 3515 timoris
761 3471 955 3533 quam
997 3452 1348 3536 potentiae,
1394 3453 1498 3530 44,
1555 3456 1583 3514 1
1633 3452 1778 3537 plus
1819 3451 2246 3519 solicitudinis
2290 3471 2483 3534 quam
2527 3450 2741 3515 auxili.

459 3553 571 3632 44,
619 3553 661 3618 4
706 3556 1020 3638 quantum
1057 3555 1388 3641 temporis.
1478 3555 1582 3634 51,
1620 3559 1657 3619 2
1703 3556 1982 3621 multum
2011 3555 2156 3622 diei.
2215 3554 2327 3634 75,
2357 3554 2401 3619 4
2430 3556 2743 3639 quantum·

464 3657 837 3744 plurumum
904 3662 1120 3745 potest
1185 3661 1453 3746 pecoris.
1548 3661 1658 3739 75,
1721 3662 1758 3726 5
1825 3683 2020 3745 quam
2085 3661 2458 3745 plurumum
2522 3681 2739 3744 aquae.

468 3763 579 3843 78,
640 3765 685 3830 4
751 3766 967 3851 legum
1032 3766 1372 3851 cultusque
1431 3767 1760 3852 pleraque.
1849 3767 1953 3847 85,
2015 3767 2056 3829 3
2119 3768 2439 3850 quantum
2503 3764 2742 3850 negoti,

456 3868 568 3949 85,
613 3870 699 3934 40
754 3871 901 3956 plus
960 3870 1206 3956 gloriae
1252 3893 1447 3955 quam
1491 3870 1883 3937 divitiarum.
1972 3869 2076 3947 90,
2129 3872 2159 3943 l
2223 3869 2485 3935 aestatis
2527 3870 2744 3941 extre-

459 3996 658 4041 mum.
738 3976 852 4054 93,
914 3977 954 4041 2
1020 3986 1340 4043 summum
1397 3978 1658 4045 montis.
1751 3976 1855 4054 93,
1920 3976 1965 4047 4
2022 3976 2256 4041 cuncta
2309 3976 2736 4061 gignentium.

463 4080 569 4158 98,
606 4080 652 4151 ‚6
696 4079 1078 4164 plerumque
1121 4081 1352 4151 noctis,
1452 4081 1591 4161 102,
1616 4084 1659 4149 8
1705 4079 2011 4147 obfensae
2053 4079 2434 4149 minumum.
2531 4080 2668 4158 102,
2700 4079 2737 4147 9

463 4182 896 4251 humanatum
920 4205 1135 4251 rerum
1156 4185 1485 4270 pleraque.
1560 4185 1705 4251 109.
1729 4185 1771 4249 4
1800 4185 2182 4271 plerumque
2212 4183 2444 4251 noctis
2507 4181 2587 4250 H.
2609 4183 2743 4263 114

458 4286 718 4359 tantum
797 4287 1206 4371 antiquitatis
1278 4308 1623 4374 curaeque.
1749 4288 1784 4365 Ι
1848 4289 1937 4361 44
2015 4287 2398 4383 plurumum
2468 4288 2731 4367 fimetis.

452 4386 517 4457 II
556 4389 664 4468 41.
699 4389 747 4454 ·7
804 4389 1033 4460 {taliae
1070 4393 1439 4465 mrituma.
1531 4391 1599 4458 Π
1645 4393 1726 4459 77
1761 4391 1900 4463 diei
1942 4390 2173 4459 medio.
2262 4389 2364 4471 ΠΙ
2406 4392 2447 4458 6
2483 4392 2724 4475 relicua,
