3000 4792
1387 209 1467 275 1:37

463 383 617 449 Sall.
665 383 817 470 Jug.
1082 440 1085 449 ,
1258 381 1432 447 Diet.
1478 382 1583 447 Cr.

260 542 463 612 injusta
507 543 718 613 inperia
764 543 1009 598 domino·
1033 538 1207 593 vicem
1241 544 1477 596 vestram
1495 545 1652 611 puin,
1689 539 1781 610 qui

261 631 385 669 rum
420 631 530 668 non
550 616 856 683 perferunt:
895 633 1008 676 vos,
1031 611 1235 695 inum-tii
1295 619 1352 666 et
1380 614 1605 697 pulpae
1664 616 1780 683 ejus

266 686 519 753 Quirites,
554 689 611 741 in
639 688 851 756 inperio
875 690 1217 748 nati,vaou1‚
1289 687 1408 738 nau
1479 702 1776 769 paucorum

261 774 438 825 aequo
475 758 655 814 animo
693 760 1007 815 servitutem
1031 754 1245 808 libidini
1278 757 1440 826 paulo
1464 764 1592 826 post
1615 758 1777 812 aliem

259 829 544 883 toleratis?
1029 827 1248 880 sceleris
1313 844 1519 897 poenas
1597 829 1776 884 subire

1028 898 1299 968 cogemini

297 970 387 1039 12)
424 971 620 1040 quibus
663 971 796 1028 fides
843 973 1006 1027 decus

257 1043 450 1113 pietas,
474 1049 750 1112 postremo
780 1045 1007 1100 honesta

257 1120 420 1183 atque
486 1115 773 1172 inhonesta
826 1119 1008 1172 omnia

257 1187 502 1255 quaestui
537 1193 662 1242 sunt

2055 379 2120 449 S.
2168 379 2313 451 Sev.

1831 953 1873 1009 C
1907 955 1936 1008 Ι
1971 959 2060 1025 23,
2108 961 2143 1015 ὅ
2191 966 2382 1017 emunt
2414 981 2544 1021 ven·

1792 1024 2034 1096 dantque
2054 1071 2069 1099 ‚
2135 1035 2381 1101 quaestui
2441 1053 2544 1105 per.

1792 1101 1974 1155 omnia
1996 1102 2217 1169 student
2243 1145 2257 1159 .
2287 1145 2300 1160 .
2328 1146 2343 1161 .
2377 1111 2538 1176 atque

1792 1186 1955 1226 omne
1999 1174 2143 1230 vitae
2189 1177 2355 1231 decus
2398 1195 2541 1234 mer·

1793 1242 1926 1298 cede
1971 1251 2288 1317 corruptum
2331 1250 2543 1308 habent

305 1327 397 1396 20)
452 1346 625 1399 regna
677 1322 1004 1396 provincias,
1073 1326 1127 1378 11
1182 1329 1251 1379 22
1307 1328 1491 1382 omnia
1539 1328 1771 1385 foederis

255 1398 404 1473 leges
434 1402 560 1471 jura
589 1400 812 1467 judicia,
865 1395 1007 1448 bella
1020 1399 1142 1466 jura
1162 1415 1226 1453 ae
1246 1398 1465 1467 pietatis
1484 1402 1630 1470 apud
1653 1403 1769 1457 bar-

253 1475 420 1539 atque
468 1488 662 1540 paces,
731 1470 1005 1539 postremo
1028 1472 1185 1523 baros
1212 1471 1551 1542 Graecosque
1588 1475 1769 1530 clausa

253 1541 439 1597 divina
474 1548 529 1596 et
564 1542 799 1596 humana
825 1538 1004 1592 omnia
1024 1545 1184 1596 erunt
1810 1566 1814 1570 ·

254 1630 423 1683 penes
459 1631 659 1682 pancos
697 1616 849 1668 erant

309 1687 402 1755 25)
457 1703 652 1740 moneo
707 1684 1002 1750 hortorque

253 1774 378 1820 vos,
436 1774 505 1810 ne
559 1762 771 1811 tantum
827 1756 1000 1809 scelus

250 1828 556 1897 inpunitum
595 1828 859 1883 amittatis

1821 1667 1863 1723 C
1896 1668 1926 1723 Ι
1962 1669 2050 1741 51,
2088 1674 2122 1726 2
2158 1688 2339 1728 orasse
2355 1672 2530 1730 Deum

1784 1741 2033 1813 traditur,
2066 1760 2137 1798 ne
2159 1743 2302 1798 hanc
2322 1750 2530 1801 tantam

1784 1813 2017 1868 hominis
2035 1815 2382 1872 insolentiam
2392 1818 2531 1874 inul-

1783 1888 1897 1938 tam
1934 1886 2137 1942 sineret
2166 1889 2171 1894 ’

275 1969 366 2033 20)
395 1969 729 2037 inperatores
756 1969 996 2024 omnium
1834 1956 1875 2010 G
1930 1957 1958 2010 Ι
2013 1958 2101 2012 50.
2157 1957 2192 2011 5
2261 1959 2554 2017 victorem>

252 2041 497 2110 gentium
1781 2027 2023 2082 omnium
2063 2030 2307 2100 gentium

585 2113 677 2166 32.

288 2181 338 2247 1)
368 2182 501 2238 haec
518 2187 677 2251 atque
694 2183 799 2238 alia
816 2183 992 2253 hujus·
1070 2179 1097 2232 I
1154 2180 1187 2233 6
1249 2182 1385 2238 haec
1437 2186 1599 2252 atque
1656 2187 1760 2241 alia
1816 2169 1867 2254 G,
1902 2171 1930 2224 Ῑ
1950 2174 2078 2255 ,3,2,
2133 2172 2165 2225 6
2224 2171 2309 2256 hi?
2362 2175 2526 2243 atque

250 2254 466 2306 cemodi
484 2272 646 2325 saepe
659 2255 898 2309 dicundo
920 2295 934 2309 .
955 2250 1171 2320 ..hujus
1207 2256 1359 2310 modi
1392 2255 1632 2311 inserens
1669 2297 1683 2312 .
1708 2299 1722 2313 .
1741 2297 1756 2314 .
1778 2242 1898 2295 alm
1946 2248 2099 2298 1⁸tlu⁸
2135 2244 2288 2297 m⁰d¹
2322 2243 2526 2301 sffl⁸t⁴¹⁸⁸
2602 2293 2610 2301 ·

1019 2323 1028 2332 ·
1779 2312 1939 2366 dictis
1980 2355 1993 2369 .
2033 2354 2046 2367 .
2084 2355 2098 2369 .
2138 2315 2389 2369 consulit.

245 2326 542 2478 bgfstffigssg
601 2397 681 2451 vis
736 2397 990 2452 avaritiae
1009 2325 1168 2390 ‘labet
1813 2384 1853 2438 C
1903 2384 1931 2437 Ῑ
1981 2389 2077 2453 23,
2127 2387 2159 2438 5
2214 2391 2370 2441 tanta
2417 2387 2521 2442 hoc
2619 2356 2638 2383 ι

242 2484 302 2519 m
348 2470 556 2522 animos
600 2486 786 2523 eorum
822 2471 989 2525 veluti
1774 2459 2023 2540 temPffl'?
2073 2474 2282 2541 ΒΠῙΨΟΒ
2335 2475 2522 2544 eorum

1774 2527 2011 2583 habendi
2082 2528 2281 2598 cupido
2352 2532 2521 2587 veluti

1772 2600 1927 2653 tabes
1962 2600 2186 2655 incessit

1807 2670 1849 2724 G
1897 2670 1925 2723 Ι
1983 2672 2078 2735 12,
2134 2674 2167 2725 8
2228 2687 2330 2740 pro
2388 2689 2516 2728 eon-

1770 2741 1998 2864 {aientia
2042 2747 2301 2812 paventes
2337 2744 2438 2799 esr.
2473 2743 2516 2799 O

1834 2816 1922 2877 32,
1965 2816 1991 2867 1

1809 2882 1849 2937 C
1877 2885 1902 2937 I
1929 2888 2017 2948 24,
2054 2887 2086 2939 7
2125 2889 2516 2956 expertumque

1769 2960 1825 3008 et
1861 2956 2294 3012 misericordiam
2340 2964 2397 3013 et
2431 2975 2513 3013 se·

1770 3028 2054 3083 veritatem
2089 3028 2193 3084 Dei

244 2540 396 2593 tabes
433 2542 703 2596 invaserat

280 2681 336 2747 5)
368 2680 562 2735 timido
624 2687 680 2737 et
739 2699 805 2737 ex
862 2701 986 2738 con·

242 2746 468 2875 soigntia
517 2753 791 2809 diffidenti
823 2757 985 2810 rebus

243 2838 325 2875 sm

288 2910 358 2946 ne
415 2895 527 2950 vim
582 2914 745 2965 quam
804 2897 988 2951 miseri

239 2965 485 3020 cordiam
564 2969 677 3037 ejus
755 2969 986 3038 experiri

238 3037 430 3092 mallet

277 3179 333 3249 1)
368 3179 642 3250 ¹Iugurtha
678 3184 869 3236 eontra
894 3181 982 3235 de·
1039 3178 1212 3235 11120
1236 3179 1482 3236 Priamus
1527 3182 1748 3253 lugubri

234 3268 330 3306 eus
377 3253 591 3322 regium
639 3253 786 3305 cultu
823 3271 982 3321 quam
1005 3255 1152 3304 veste
1201 3253 1510 3309 miserabile
1553 3259 1745 3321 tectus,

232 3340 490 3377 maxume
529 3325 827 3378 miserabili
858 3342 981 3379 cum
1003 3321 1093 3374 cui
1161 3323 1319 3378 dolor
1389 3344 1500 3379 non
1585 3327 1745 3382 decus

235 3394 420 3450 Cassio
458 3397 692 3450 Romam
726 3397 877 3452 venit.
1001 3393 1228 3466 regium,
1265 3413 1376 3451 non
1411 3400 1579 3452 ullam
1605 3400 1746 3453 tanti

999 3467 1232 3520 nominis
1250 3472 1412 3536 atque
1429 3470 1607 3525 famae
1626 3488 1745 3540 spe·

1000 3538 1136 3591 ciem
1154 3540 1419 3607 reliquam
1446 3543 1649 3597 fecerat
1670 3584 1683 3597 .
1700 3581 1714 3595 .
1730 3582 1743 3596 .

995 3610 1065 3663 ad
1101 3611 1377 3666 Achillem
1423 3615 1575 3669 venit
1619 3631 1742 3670 cum

567 3683 657 3738 34.
996 3682 1376 3739 Andromacha

274 3750 327 3821 1)
365 3768 502 3820 quae
551 3753 633 3809 ira
675 3753 793 3809 fieri
827 3758 975 3810 amat
1030 3753 1058 3808 I
1095 3758 1126 3808 3
1163 3756 1303 3811 sieut
1338 3756 1396 3811 in
1424 3757 1527 3811 tali
1547 3773 1607 3811 re
1626 3754 1742 3811 fieri

997 3831 1144 3880 amat

268 3893 320 3964 2)
358 3895 437 3950 ita
472 3898 709 3966 populus
738 3897 976 3952 ludibrio
1030 3896 1058 3949 I
1105 3901 1140 3953 8
1188 3898 1267 3953 ita
1313 3897 1528 3954 infectis
1576 3900 1738 3952 rebus
1795 3894 1835 3950 C
1872 3895 1926 3950 II
1963 3899 2068 3982 51,
2091 3901 2159 3953 10
2191 3898 2338 3954 inter
2372 3900 2508 3958 haee

227 3963 445 4022 habitus
482 3987 547 4024 ex
583 3970 835 4027 contione
869 3971 975 4024 dis·
996 3971 1224 4038 populus
1271 3971 1610 4039 contemptui
1629 3971 1735 4024 'ha·
1759 3968 1913 4037 plebs
1970 3970 2073 4023 Dei
2138 3975 2195 4024 et.
2266 3974 2505 4040 optimus

228 4039 376 4093 cedit
996 4042 1140 4095 bitus
1186 4059 1296 4097 non
1334 4044 1446 4096 sine
1496 4042 1737 4110 pernicie
1758 4058 1891 4094 unus
1901 4040 2123 4110 quisque
2133 4043 2509 4114 probroatquo

994 4129 1089 4167 sua
1124 4113 1348 4169 domum
1386 4113 1621 4170 discedit
1759 4113 1993 4168 ludibrio
2024 4113 2327 4169 habebatur

279 4248 336 4316 5)
392 4266 493 4320 per
549 4184 793 4311 lignium
845 4253 971 4311 talis
1027 4254 1077 4312 V
1103 4255 1166 4308 11
1195 4272 1296 4324 per
1314 4254 1537 4326 Epium,
1573 4254 1735 4311 fabri·

224 4322 416 4392 negoti
451 4323 685 4381 artifices
989 4330 1234 4382 cassorem
1269 4327 1383 4398 ejus
1417 4327 1597 4398 operis
