<?xml version="1.0" encoding="UTF-8"?>
<!DOCTYPE html PUBLIC "-//W3C//DTD XHTML 1.0 Transitional//EN"
    "http://www.w3.org/TR/xhtml1/DTD/xhtml1-transitional.dtd">
<html xmlns="http://www.w3.org/1999/xhtml" xml:lang="en" lang="en">
 <head>
  <title>
</title>
<meta http-equiv="Content-Type" content="text/html;charset=utf-8" />
  <meta name='ocr-system' content='tesseract 3.04.00' />
  <meta name='ocr-capabilities' content='ocr_page ocr_carea ocr_par ocr_line ocrx_word'/>
</head>
<body>
  <div class='ocr_page' id='page_1' title='image "./quaestionessall01pratgoog_0042.png"; bbox 0 0 3000 4792; ppageno 0'>
   <div class='ocr_carea' id='block_1_1' title="bbox 1500 220 1588 291">
    <p class='ocr_par' dir='ltr' id='par_1_1' title="bbox 1500 220 1588 291">
     <span class='ocr_line' id='line_1_1' title="bbox 1500 220 1588 291; baseline 0.011 -1"><span class='ocrx_word' id='word_1_1' title='bbox 1500 220 1588 291; x_wconf 78' lang='lat'><strong>38</strong></span> 
     </span>
    </p>
   </div>
   <div class='ocr_carea' id='block_1_2' title="bbox 409 393 2689 697">
    <p class='ocr_par' dir='ltr' id='par_1_2' title="bbox 409 393 2689 697">
     <span class='ocr_line' id='line_1_2' title="bbox 624 393 2436 465; baseline 0.001 -3"><span class='ocrx_word' id='word_1_2' title='bbox 624 393 778 462; x_wconf 85' lang='lat' dir='ltr'><strong>Sall.</strong></span> <span class='ocrx_word' id='word_1_3' title='bbox 822 395 959 463; x_wconf 83' lang='lat' dir='ltr'><strong>Cat.</strong></span> <span class='ocrx_word' id='word_1_4' title='bbox 1373 399 1548 465; x_wconf 87' lang='lat' dir='ltr'><strong>Dict.</strong></span> <span class='ocrx_word' id='word_1_5' title='bbox 1594 397 1695 464; x_wconf 83' lang='lat' dir='ltr'><strong>Or.</strong></span> <span class='ocrx_word' id='word_1_6' title='bbox 2176 394 2246 463; x_wconf 83' lang='lat' dir='ltr'><strong>S.</strong></span> <span class='ocrx_word' id='word_1_7' title='bbox 2287 395 2436 463; x_wconf 80' lang='lat' dir='ltr'><strong>Sev.</strong></span> 
     </span>
     <span class='ocr_line' id='line_1_3' title="bbox 446 553 2689 626; baseline 0.001 -16"><span class='ocrx_word' id='word_1_8' title='bbox 446 553 541 625; x_wconf 81' lang='lat'><strong>25)</strong></span> <span class='ocrx_word' id='word_1_9' title='bbox 574 555 682 611; x_wconf 85' lang='lat' dir='ltr'><strong>illis</strong></span> <span class='ocrx_word' id='word_1_10' title='bbox 718 558 915 612; x_wconf 86' lang='lat' dir='ltr'><strong>merito</strong></span> <span class='ocrx_word' id='word_1_11' title='bbox 939 555 1152 612; x_wconf 84' lang='lat' dir='ltr'><strong>accidet</strong></span> <span class='ocrx_word' id='word_1_12' title='bbox 1971 555 2013 612; x_wconf 86' lang='lat' dir='ltr'>G</span> <span class='ocrx_word' id='word_1_13' title='bbox 2048 557 2103 613; x_wconf 90' lang='grc' dir='ltr'>Π</span> <span class='ocrx_word' id='word_1_14' title='bbox 2139 559 2229 626; x_wconf 86' lang='grc'><strong>22,</strong></span> <span class='ocrx_word' id='word_1_15' title='bbox 2268 557 2303 611; x_wconf 86' lang='grc'><strong>6</strong></span> <span class='ocrx_word' id='word_1_16' title='bbox 2346 553 2544 611; x_wconf 81' lang='lat' dir='ltr'><strong>merito</strong></span> <span class='ocrx_word' id='word_1_17' title='bbox 2578 554 2689 613; x_wconf 84' lang='lat' dir='ltr'><strong>sibi</strong></span> 
     </span>
     <span class='ocr_line' id='line_1_4' title="bbox 409 626 2688 697; baseline 0.001 -15"><span class='ocrx_word' id='word_1_18' title='bbox 409 627 665 697; x_wconf 81' lang='lat' dir='ltr'><strong>quicquid</strong></span> <span class='ocrx_word' id='word_1_19' title='bbox 698 629 937 684; x_wconf 79' lang='lat' dir='ltr'>evenerit</span> <span class='ocrx_word' id='word_1_20' title='bbox 1934 629 2029 685; x_wconf 85' lang='lat' dir='ltr'><strong>illa</strong></span> <span class='ocrx_word' id='word_1_21' title='bbox 2040 628 2304 686; x_wconf 81' lang='lat' dir='ltr'><strong>accidisse</strong></span> <span class='ocrx_word' id='word_1_22' title='bbox 2317 626 2688 685; x_wconf 82' lang='lat' dir='ltr'><strong>confitebatur</strong></span> 
     </span>
    </p>
   </div>
   <div class='ocr_carea' id='block_1_3' title="bbox 369 700 2685 1774">
    <p class='ocr_par' dir='ltr' id='par_1_3' title="bbox 369 700 2685 1774">
     <span class='ocr_line' id='line_1_5' title="bbox 432 700 1917 771; baseline 0 -16"><span class='ocrx_word' id='word_1_23' title='bbox 432 700 525 768; x_wconf 93' lang='grc'><strong>27)</strong></span> <span class='ocrx_word' id='word_1_24' title='bbox 545 700 728 755; x_wconf 82' lang='lat' dir='ltr'><strong>omnia</strong></span> <span class='ocrx_word' id='word_1_25' title='bbox 746 701 890 756; x_wconf 82' lang='lat' dir='ltr'><strong>mala</strong></span> <span class='ocrx_word' id='word_1_26' title='bbox 900 700 1152 771; x_wconf 82' lang='lat' dir='ltr'><strong>exempla</strong></span> <span class='ocrx_word' id='word_1_27' title='bbox 1206 702 1261 756; x_wconf 93' lang='lat' dir='ltr'><strong>II</strong></span> <span class='ocrx_word' id='word_1_28' title='bbox 1299 706 1368 758; x_wconf 88' lang='grc'><strong>23</strong></span> <span class='ocrx_word' id='word_1_29' title='bbox 1407 702 1452 756; x_wconf 90' lang='lat' dir='ltr'><strong>si</strong></span> <span class='ocrx_word' id='word_1_30' title='bbox 1490 740 1504 757; x_wconf 87' lang='lat'><strong>.</strong></span> <span class='ocrx_word' id='word_1_31' title='bbox 1543 742 1559 758; x_wconf 88' lang='lat'><strong>.</strong></span> <span class='ocrx_word' id='word_1_32' title='bbox 1596 739 1631 769; x_wconf 89' lang='lat'><strong>.‚</strong></span> <span class='ocrx_word' id='word_1_33' title='bbox 1680 701 1798 757; x_wconf 85' lang='lat' dir='ltr'><strong>fore</strong></span> <span class='ocrx_word' id='word_1_34' title='bbox 1833 700 1917 756; x_wconf 90' lang='lat' dir='ltr'><strong>uti</strong></span> 
     </span>
     <span class='ocr_line' id='line_1_6' title="bbox 411 772 1920 843; baseline 0 -17"><span class='ocrx_word' id='word_1_35' title='bbox 411 788 476 826; x_wconf 85' lang='lat' dir='ltr'><strong>ex</strong></span> <span class='ocrx_word' id='word_1_36' title='bbox 495 772 659 826; x_wconf 88' lang='lat' dir='ltr'><strong>rebus</strong></span> <span class='ocrx_word' id='word_1_37' title='bbox 693 773 851 828; x_wconf 87' lang='lat' dir='ltr'><strong>bonis</strong></span> <span class='ocrx_word' id='word_1_38' title='bbox 871 778 991 827; x_wconf 81' lang='lat' dir='ltr'><strong>orta</strong></span> <span class='ocrx_word' id='word_1_39' title='bbox 1013 776 1153 826; x_wconf 90' lang='lat' dir='ltr'><strong>sunt.</strong></span> <span class='ocrx_word' id='word_1_40' title='bbox 1175 775 1320 830; x_wconf 85' lang='lat' dir='ltr'><strong>malo</strong></span> <span class='ocrx_word' id='word_1_41' title='bbox 1371 773 1621 843; x_wconf 86' lang='lat' dir='ltr'><strong>exemplo</strong></span> <span class='ocrx_word' id='word_1_42' title='bbox 1676 774 1920 829; x_wconf 88' lang='lat' dir='ltr'><strong>dissemi-</strong></span> 
     </span>
     <span class='ocr_line' id='line_1_7' title="bbox 410 842 1920 916; baseline 0.001 -19"><span class='ocrx_word' id='word_1_43' title='bbox 410 842 507 897; x_wconf 83' lang='lat' dir='ltr'><strong>sed</strong></span> <span class='ocrx_word' id='word_1_44' title='bbox 529 844 624 898; x_wconf 88' lang='lat' dir='ltr'><strong>ubi</strong></span> <span class='ocrx_word' id='word_1_45' title='bbox 661 883 675 897; x_wconf 88' lang='lat'><strong>.</strong></span> <span class='ocrx_word' id='word_1_46' title='bbox 696 885 709 898; x_wconf 91' lang='lat'><strong>.</strong></span> <span class='ocrx_word' id='word_1_47' title='bbox 729 885 761 914; x_wconf 88' lang='lat'><strong>.‚</strong></span> <span class='ocrx_word' id='word_1_48' title='bbox 795 861 996 902; x_wconf 83' lang='lat' dir='ltr'><strong>novom</strong></span> <span class='ocrx_word' id='word_1_49' title='bbox 1018 844 1155 898; x_wconf 83' lang='lat' dir='ltr'><strong>illud</strong></span> <span class='ocrx_word' id='word_1_50' title='bbox 1177 851 1304 901; x_wconf 82' lang='lat' dir='ltr'><strong>nato</strong></span> <span class='ocrx_word' id='word_1_51' title='bbox 1340 863 1438 916; x_wconf 86' lang='lat' dir='ltr'><strong>per</strong></span> <span class='ocrx_word' id='word_1_52' title='bbox 1472 846 1731 900; x_wconf 79' lang='lat' dir='ltr'><strong>mortales</strong></span> <span class='ocrx_word' id='word_1_53' title='bbox 1771 845 1920 914; x_wconf 89' lang='lat' dir='ltr'><strong>ipsos</strong></span> 
     </span>
     <span class='ocr_line' id='line_1_8' title="bbox 409 915 1920 987; baseline 0.002 -19"><span class='ocrx_word' id='word_1_54' title='bbox 409 917 717 984; x_wconf 85' lang='lat' dir='ltr'><strong>exemplum</strong></span> <span class='ocrx_word' id='word_1_55' title='bbox 764 917 836 970; x_wconf 86' lang='lat' dir='ltr'><strong>ab</strong></span> <span class='ocrx_word' id='word_1_56' title='bbox 883 915 1064 986; x_wconf 80' lang='lat' dir='ltr'><strong>dignis</strong></span> <span class='ocrx_word' id='word_1_57' title='bbox 1100 919 1156 969; x_wconf 93' lang='lat' dir='ltr'><strong>et</strong></span> <span class='ocrx_word' id='word_1_58' title='bbox 1175 919 1339 972; x_wconf 84' lang='lat' dir='ltr'><strong>etiam</strong></span> <span class='ocrx_word' id='word_1_59' title='bbox 1356 959 1370 987; x_wconf 90' lang='lat'>,</span> <span class='ocrx_word' id='word_1_60' title='bbox 1423 918 1518 987; x_wconf 88' lang='lat' dir='ltr'><strong>qui</strong></span> <span class='ocrx_word' id='word_1_61' title='bbox 1578 917 1723 971; x_wconf 85' lang='lat' dir='ltr'><strong>haud</strong></span> <span class='ocrx_word' id='word_1_62' title='bbox 1761 917 1920 986; x_wconf 84' lang='lat' dir='ltr'><strong>longe</strong></span> 
     </span>
     <span class='ocr_line' id='line_1_9' title="bbox 408 986 1919 1057; baseline 0.001 -16"><span class='ocrx_word' id='word_1_63' title='bbox 408 986 619 1041; x_wconf 79' lang='lat' dir='ltr'>idoneis</span> <span class='ocrx_word' id='word_1_64' title='bbox 672 987 744 1042; x_wconf 81' lang='lat' dir='ltr'><strong>ad</strong></span> <span class='ocrx_word' id='word_1_65' title='bbox 791 987 1048 1057; x_wconf 85' lang='lat' dir='ltr'><strong>indignos</strong></span> <span class='ocrx_word' id='word_1_66' title='bbox 1101 992 1156 1042; x_wconf 88' lang='lat' dir='ltr'><strong>et</strong></span> <span class='ocrx_word' id='word_1_67' title='bbox 1175 991 1442 1051; x_wconf 83' lang='lat' dir='ltr'><strong>abessent,</strong></span> <span class='ocrx_word' id='word_1_68' title='bbox 1461 989 1661 1043; x_wconf 88' lang='lat' dir='ltr'><strong>similia</strong></span> <span class='ocrx_word' id='word_1_69' title='bbox 1685 992 1782 1043; x_wconf 88' lang='lat' dir='ltr'><strong>aut</strong></span> <span class='ocrx_word' id='word_1_70' title='bbox 1799 1005 1919 1057; x_wconf 81' lang='lat' dir='ltr'><strong>gra·</strong></span> 
     </span>
     <span class='ocr_line' id='line_1_10' title="bbox 369 1059 1921 1130; baseline 0.001 -18"><span class='ocrx_word' id='word_1_71' title='bbox 369 1086 379 1095; x_wconf 90' lang='lat'>-</span> <span class='ocrx_word' id='word_1_72' title='bbox 408 1075 520 1113; x_wconf 90' lang='lat' dir='ltr'><strong>non</strong></span> <span class='ocrx_word' id='word_1_73' title='bbox 564 1059 791 1114; x_wconf 84' lang='lat' dir='ltr'><strong>idoneos</strong></span> <span class='ocrx_word' id='word_1_74' title='bbox 834 1059 1156 1113; x_wconf 76' lang='lat' dir='ltr'><strong>transfertur</strong></span> <span class='ocrx_word' id='word_1_75' title='bbox 1177 1063 1326 1117; x_wconf 86' lang='lat' dir='ltr'><strong>viora</strong></span> <span class='ocrx_word' id='word_1_76' title='bbox 1372 1061 1521 1116; x_wconf 87' lang='lat' dir='ltr'><strong>hisce</strong></span> <span class='ocrx_word' id='word_1_77' title='bbox 1569 1063 1921 1130; x_wconf 78' lang='lat' dir='ltr'><strong>sequerentur</strong></span> 
     </span>
     <span class='ocr_line' id='line_1_11' title="bbox 448 1130 1921 1203; baseline 0.001 -19"><span class='ocrx_word' id='word_1_78' title='bbox 448 1132 541 1197; x_wconf 84' lang='lat'><strong>28)</strong></span> <span class='ocrx_word' id='word_1_79' title='bbox 574 1130 1156 1185; x_wconf 85' lang='lat' dir='ltr'><strong>AtheniensibusXXX</strong></span> <span class='ocrx_word' id='word_1_80' title='bbox 1221 1134 1298 1190; x_wconf 87' lang='lat' dir='ltr'><strong>lv</strong></span> <span class='ocrx_word' id='word_1_81' title='bbox 1342 1134 1378 1187; x_wconf 84' lang='lat'>4</span> <span class='ocrx_word' id='word_1_82' title='bbox 1438 1133 1698 1203; x_wconf 88' lang='lat' dir='ltr'><strong>imposito</strong></span> <span class='ocrx_word' id='word_1_83' title='bbox 1751 1131 1921 1186; x_wconf 80' lang='lat' dir='ltr'><strong>Phala</strong></span> 
     </span>
     <span class='ocr_line' id='line_1_12' title="bbox 408 1202 1755 1273; baseline 0.002 -18"><span class='ocrx_word' id='word_1_84' title='bbox 408 1202 555 1256; x_wconf 85' lang='lat' dir='ltr'><strong>viros</strong></span> <span class='ocrx_word' id='word_1_85' title='bbox 589 1203 882 1272; x_wconf 78' lang='lat' dir='ltr'><strong>inposuere</strong></span> <span class='ocrx_word' id='word_1_86' title='bbox 1176 1205 1313 1259; x_wconf 84' lang='lat' dir='ltr'><strong>duce</strong></span> <span class='ocrx_word' id='word_1_87' title='bbox 1346 1208 1510 1273; x_wconf 77' lang='lat' dir='ltr'><strong>atque</strong></span> <span class='ocrx_word' id='word_1_88' title='bbox 1542 1209 1755 1260; x_wconf 86' lang='lat' dir='ltr'><strong>rectore</strong></span> 
     </span>
     <span class='ocr_line' id='line_1_13' title="bbox 443 1268 2685 1344; baseline -0.002 -14"><span class='ocrx_word' id='word_1_89' title='bbox 443 1274 537 1344; x_wconf 81' lang='lat'><strong>31)</strong></span> <span class='ocrx_word' id='word_1_90' title='bbox 566 1280 774 1329; x_wconf 87' lang='lat' dir='ltr'><strong>ceteros</strong></span> <span class='ocrx_word' id='word_1_91' title='bbox 784 1276 936 1329; x_wconf 87' lang='lat' dir='ltr'><strong>metu</strong></span> <span class='ocrx_word' id='word_1_92' title='bbox 948 1276 1156 1329; x_wconf 85' lang='lat' dir='ltr'><strong>terrere</strong></span> <span class='ocrx_word' id='word_1_93' title='bbox 1210 1277 1287 1335; x_wconf 86' lang='lat' dir='ltr'><strong>lv</strong></span> <span class='ocrx_word' id='word_1_94' title='bbox 1325 1280 1358 1330; x_wconf 85' lang='lat'>2</span> <span class='ocrx_word' id='word_1_95' title='bbox 1404 1275 1588 1331; x_wconf 83' lang='lat' dir='ltr'><strong>hostes</strong></span> <span class='ocrx_word' id='word_1_96' title='bbox 1634 1279 1783 1331; x_wconf 87' lang='lat' dir='ltr'><strong>metu</strong></span> <span class='ocrx_word' id='word_1_97' title='bbox 1837 1274 1919 1330; x_wconf 87' lang='lat' dir='ltr'><strong>sui</strong></span> <span class='ocrx_word' id='word_1_98' title='bbox 1974 1268 2017 1324; x_wconf 88' lang='lat' dir='ltr'>C</span> <span class='ocrx_word' id='word_1_99' title='bbox 2034 1268 2088 1324; x_wconf 91' lang='grc' dir='ltr'><strong>ΙΙ</strong></span> <span class='ocrx_word' id='word_1_100' title='bbox 2110 1271 2197 1335; x_wconf 85' lang='grc'><strong>47,</strong></span> <span class='ocrx_word' id='word_1_101' title='bbox 2221 1272 2255 1325; x_wconf 85' lang='grc'><strong>7</strong></span> <span class='ocrx_word' id='word_1_102' title='bbox 2273 1273 2482 1325; x_wconf 84' lang='lat' dir='ltr'><strong>ceteros</strong></span> <span class='ocrx_word' id='word_1_103' title='bbox 2507 1272 2685 1325; x_wconf 88' lang='lat' dir='ltr'><strong>metus</strong></span> 
     </span>
     <span class='ocr_line' id='line_1_14' title="bbox 1176 1341 2198 1412; baseline -0.006 -8"><span class='ocrx_word' id='word_1_104' title='bbox 1176 1348 1440 1405; x_wconf 82' lang='lat' dir='ltr'><strong>deterruit</strong></span> <span class='ocrx_word' id='word_1_105' title='bbox 1941 1341 2198 1412; x_wconf 72' lang='lat' dir='ltr'><strong>dispersit</strong></span> 
     </span>
     <span class='ocr_line' id='line_1_15' title="bbox 462 1415 1919 1490; baseline 0.001 -19"><span class='ocrx_word' id='word_1_106' title='bbox 462 1415 556 1484; x_wconf 82' lang='lat'><strong>32)</strong></span> <span class='ocrx_word' id='word_1_107' title='bbox 610 1418 755 1472; x_wconf 80' lang='lat' dir='ltr'><strong>malo</strong></span> <span class='ocrx_word' id='word_1_108' title='bbox 825 1417 1156 1490; x_wconf 82' lang='lat' dir='ltr'><strong>reipublicae</strong></span> <span class='ocrx_word' id='word_1_109' title='bbox 1209 1420 1291 1475; x_wconf 91' lang='lat'><strong>111</strong></span> <span class='ocrx_word' id='word_1_110' title='bbox 1350 1421 1420 1474; x_wconf 78' lang='grc'><strong>25</strong></span> <span class='ocrx_word' id='word_1_111' title='bbox 1474 1418 1622 1477; x_wconf 82' lang='lat' dir='ltr'><strong>malo</strong></span> <span class='ocrx_word' id='word_1_112' title='bbox 1677 1415 1919 1472; x_wconf 88' lang='lat' dir='ltr'><strong>omnium</strong></span> 
     </span>
     <span class='ocr_line' id='line_1_16' title="bbox 411 1489 1770 1546; baseline -0.001 -2"><span class='ocrx_word' id='word_1_113' title='bbox 411 1492 697 1544; x_wconf 81' lang='lat' dir='ltr'><strong>creverant</strong></span> <span class='ocrx_word' id='word_1_114' title='bbox 1175 1492 1453 1546; x_wconf 85' lang='lat' dir='ltr'><strong>civitatem</strong></span> <span class='ocrx_word' id='word_1_115' title='bbox 1486 1489 1770 1544; x_wconf 84' lang='lat' dir='ltr'><strong>intravisse</strong></span> 
     </span>
     <span class='ocr_line' id='line_1_17' title="bbox 446 1557 1919 1632; baseline -0.003 -13"><span class='ocrx_word' id='word_1_116' title='bbox 446 1561 540 1630; x_wconf 82' lang='grc'><strong>34)</strong></span> <span class='ocrx_word' id='word_1_117' title='bbox 594 1577 770 1630; x_wconf 79' lang='lat' dir='ltr'><strong>neque</strong></span> <span class='ocrx_word' id='word_1_118' title='bbox 829 1560 978 1630; x_wconf 72' lang='lat' dir='ltr'><strong>prius</strong></span> <span class='ocrx_word' id='word_1_119' title='bbox 1030 1557 1154 1612; x_wconf 69' lang='lat' dir='ltr'><strong>finis</strong></span> <span class='ocrx_word' id='word_1_120' title='bbox 1209 1564 1285 1621; x_wconf 84' lang='lat' dir='ltr'><strong>IV</strong></span> <span class='ocrx_word' id='word_1_121' title='bbox 1318 1565 1351 1617; x_wconf 89' lang='lat'><strong>&#39;7</strong></span> <span class='ocrx_word' id='word_1_122' title='bbox 1399 1579 1575 1632; x_wconf 86' lang='lat' dir='ltr'><strong>neque</strong></span> <span class='ocrx_word' id='word_1_123' title='bbox 1613 1561 1763 1632; x_wconf 87' lang='lat' dir='ltr'><strong>prius</strong></span> <span class='ocrx_word' id='word_1_124' title='bbox 1799 1558 1919 1615; x_wconf 89' lang='lat' dir='ltr'><strong>finis</strong></span> 
     </span>
     <span class='ocr_line' id='line_1_18' title="bbox 401 1631 1920 1706; baseline -0.001 -19"><span class='ocrx_word' id='word_1_125' title='bbox 401 1631 692 1702; x_wconf 83' lang='lat' dir='ltr'><strong>jugulandi</strong></span> <span class='ocrx_word' id='word_1_126' title='bbox 771 1631 874 1686; x_wconf 86' lang='lat' dir='ltr'><strong>fuit</strong></span> <span class='ocrx_word' id='word_1_127' title='bbox 893 1671 907 1696; x_wconf 90' lang='lat'>‚</span> <span class='ocrx_word' id='word_1_128' title='bbox 991 1647 1152 1700; x_wconf 77' lang='lat' dir='ltr'><strong>qnam</strong></span> <span class='ocrx_word' id='word_1_129' title='bbox 1173 1633 1373 1706; x_wconf 82' lang='lat' dir='ltr'><strong>sactus,</strong></span> <span class='ocrx_word' id='word_1_130' title='bbox 1446 1650 1611 1704; x_wconf 82' lang='lat' dir='ltr'><strong>quam</strong></span> <span class='ocrx_word' id='word_1_131' title='bbox 1684 1631 1920 1687; x_wconf 82' lang='lat' dir='ltr'><strong>Graecos</strong></span> 
     </span>
     <span class='ocr_line' id='line_1_19' title="bbox 408 1701 1915 1774; baseline -0.001 -15"><span class='ocrx_word' id='word_1_132' title='bbox 408 1703 560 1759; x_wconf 81' lang='lat' dir='ltr'><strong>Sulla</strong></span> <span class='ocrx_word' id='word_1_133' title='bbox 596 1704 773 1758; x_wconf 84' lang='lat' dir='ltr'><strong>omnis</strong></span> <span class='ocrx_word' id='word_1_134' title='bbox 802 1719 925 1758; x_wconf 87' lang='lat' dir='ltr'><strong>suos</strong></span> <span class='ocrx_word' id='word_1_135' title='bbox 951 1701 1154 1757; x_wconf 84' lang='lat' dir='ltr'><strong>divitiis</strong></span> <span class='ocrx_word' id='word_1_136' title='bbox 1173 1707 1336 1761; x_wconf 87' lang='lat' dir='ltr'><strong>saties</strong></span> <span class='ocrx_word' id='word_1_137' title='bbox 1385 1709 1442 1761; x_wconf 90' lang='lat' dir='ltr'><strong>et</strong></span> <span class='ocrx_word' id='word_1_138' title='bbox 1474 1706 1546 1760; x_wconf 85' lang='lat' dir='ltr'><strong>ad</strong></span> <span class='ocrx_word' id='word_1_139' title='bbox 1580 1707 1915 1774; x_wconf 83' lang='lat' dir='ltr'><strong>postremum</strong></span> 
     </span>
    </p>
   </div>
   <div class='ocr_carea' id='block_1_4' title="bbox 398 1776 2691 2349">
    <p class='ocr_par' dir='ltr' id='par_1_4' title="bbox 408 1776 1674 1849">
     <span class='ocr_line' id='line_1_20' title="bbox 408 1776 1674 1849; baseline -0.002 -17"><span class='ocrx_word' id='word_1_140' title='bbox 408 1776 649 1844; x_wconf 83' lang='lat' dir='ltr'><strong>explevit</strong></span> <span class='ocrx_word' id='word_1_141' title='bbox 1174 1777 1421 1849; x_wconf 75' lang='lat' dir='ltr'><strong>fatigatio</strong></span> <span class='ocrx_word' id='word_1_142' title='bbox 1452 1776 1674 1832; x_wconf 81' lang='lat' dir='ltr'><strong>incessit</strong></span> 
     </span>
    </p>

    <p class='ocr_par' dir='ltr' id='par_1_5' title="bbox 398 1842 2689 1934">
     <span class='ocr_line' id='line_1_21' title="bbox 398 1842 2689 1934; baseline -0.002 -13"><span class='ocrx_word' id='word_1_143' title='bbox 398 1913 411 1921; x_wconf 88' lang='lat'><strong>.</strong></span> <span class='ocrx_word' id='word_1_144' title='bbox 445 1848 538 1930; x_wconf 76' lang='lat'><strong>3⁶)</strong></span> <span class='ocrx_word' id='word_1_145' title='bbox 593 1845 686 1902; x_wconf 70' lang='lat' dir='ltr'><strong>ubi</strong></span> <span class='ocrx_word' id='word_1_146' title='bbox 739 1844 980 1918; x_wconf 59' lang='lat' dir='ltr'><strong>gladium</strong></span> <span class='ocrx_word' id='word_1_147' title='bbox 1029 1842 1156 1898; x_wconf 57' lang='lat'>05¹²·</span> <span class='ocrx_word' id='word_1_148' title='bbox 1210 1851 1266 1905; x_wconf 86' lang='grc' dir='ltr'><strong>ῙῙ</strong></span> <span class='ocrx_word' id='word_1_149' title='bbox 1299 1852 1372 1905; x_wconf 81' lang='lat'><strong>40</strong></span> <span class='ocrx_word' id='word_1_150' title='bbox 1407 1849 1606 1905; x_wconf 55' lang='lat' dir='ltr'><strong>edum</strong></span> <span class='ocrx_word' id='word_1_151' title='bbox 1642 1847 1825 1920; x_wconf 56' lang='lat' dir='ltr'><strong>gladio</strong></span> <span class='ocrx_word' id='word_1_152' title='bbox 1974 1859 2017 1917; x_wconf 87' lang='lat' dir='ltr'>C</span> <span class='ocrx_word' id='word_1_153' title='bbox 2050 1860 2078 1915; x_wconf 94' lang='lat'>1</span> <span class='ocrx_word' id='word_1_154' title='bbox 2116 1863 2170 1925; x_wconf 83' lang='lat'><strong>7,</strong></span> <span class='ocrx_word' id='word_1_155' title='bbox 2210 1864 2245 1916; x_wconf 87' lang='lat'>2</span> <span class='ocrx_word' id='word_1_156' title='bbox 2280 1877 2406 1916; x_wconf 90' lang='lat' dir='ltr'><strong>cum</strong></span> <span class='ocrx_word' id='word_1_157' title='bbox 2443 1861 2689 1934; x_wconf 79' lang='lat' dir='ltr'><strong>gladium</strong></span> 
     </span>
    </p>

    <p class='ocr_par' dir='ltr' id='par_1_6' title="bbox 405 1921 2691 2075">
     <span class='ocr_line' id='line_1_22' title="bbox 405 1921 2691 2075; baseline 0 -28"><span class='ocrx_word' id='word_1_158' title='bbox 405 1921 550 2059; x_wconf 49' lang='lat'><strong>¹33}</strong></span> <span class='ocrx_word' id='word_1_159' title='bbox 576 1990 665 2075; x_wconf 36' lang='grc' dir='ltr'><strong>,ἂρ</strong></span> <span class='ocrx_word' id='word_1_160' title='bbox 713 2029 727 2044; x_wconf 92' lang='grc'><strong>.</strong></span> <span class='ocrx_word' id='word_1_161' title='bbox 766 2029 781 2044; x_wconf 92' lang='grc'><strong>.</strong></span> <span class='ocrx_word' id='word_1_162' title='bbox 820 2026 835 2043; x_wconf 91' lang='grc'><strong>.</strong></span> <span class='ocrx_word' id='word_1_163' title='bbox 887 2004 1155 2043; x_wconf 88' lang='lat' dir='ltr'><strong>summum</strong></span> <span class='ocrx_word' id='word_1_164' title='bbox 1937 1933 2207 2075; x_wconf 51' lang='grc' dir='ltr'><strong>Θέαἳθὲθὲ,</strong></span> <span class='ocrx_word' id='word_1_165' title='bbox 2244 2002 2277 2057; x_wconf 77' lang='grc'><strong>5</strong></span> <span class='ocrx_word' id='word_1_166' title='bbox 2326 2004 2519 2073; x_wconf 59' lang='lat' dir='ltr'><strong>oepffiug</strong></span> <span class='ocrx_word' id='word_1_167' title='bbox 2547 2021 2691 2061; x_wconf 66' lang='lat' dir='ltr'><strong>gum.</strong></span> 
     </span>
    </p>

    <p class='ocr_par' dir='ltr' id='par_1_7' title="bbox 410 2060 2684 2279">
     <span class='ocr_line' id='line_1_23' title="bbox 410 2060 2684 2190; baseline -0 -71"><span class='ocrx_word' id='word_1_168' title='bbox 410 2060 1064 2190; x_wconf 58' lang='lat' dir='ltr'><strong>subphcmm5gumebant</strong></span> <span class='ocrx_word' id='word_1_169' title='bbox 1940 2093 2136 2148; x_wconf 63' lang='lat' dir='ltr'><strong>moque</strong></span> <span class='ocrx_word' id='word_1_170' title='bbox 2166 2075 2437 2146; x_wconf 62' lang='lat' dir='ltr'><strong>supplicio</strong></span> <span class='ocrx_word' id='word_1_171' title='bbox 2459 2075 2684 2134; x_wconf 60' lang='lat' dir='ltr'><strong>affeetu,</strong></span> 
     </span>
     <span class='ocr_line' id='line_1_24' title="bbox 447 2201 1923 2279; baseline -0.005 -16"><span class='ocrx_word' id='word_1_172' title='bbox 447 2208 504 2279; x_wconf 83' lang='lat'><strong>4)</strong></span> <span class='ocrx_word' id='word_1_173' title='bbox 549 2206 658 2263; x_wconf 87' lang='lat' dir='ltr'><strong>hoc</strong></span> <span class='ocrx_word' id='word_1_174' title='bbox 703 2207 810 2263; x_wconf 87' lang='lat' dir='ltr'><strong>nisi</strong></span> <span class='ocrx_word' id='word_1_175' title='bbox 855 2201 1157 2276; x_wconf 80' lang='lat' dir='ltr'><strong>provideris</strong></span> <span class='ocrx_word' id='word_1_176' title='bbox 1213 2207 1262 2265; x_wconf 88' lang='lat' dir='ltr'><strong>V</strong></span> <span class='ocrx_word' id='word_1_177' title='bbox 1300 2211 1334 2263; x_wconf 87' lang='lat'>2</span> <span class='ocrx_word' id='word_1_178' title='bbox 1383 2223 1521 2276; x_wconf 77' lang='lat' dir='ltr'><strong>quae</strong></span> <span class='ocrx_word' id='word_1_179' title='bbox 1565 2221 1635 2260; x_wconf 82' lang='lat' dir='ltr'><strong>ne</strong></span> <span class='ocrx_word' id='word_1_180' title='bbox 1669 2205 1923 2262; x_wconf 74' lang='lat' dir='ltr'><strong>accidant</strong></span> 
     </span>
    </p>

    <p class='ocr_par' dir='ltr' id='par_1_8' title="bbox 410 2278 1871 2349">
     <span class='ocr_line' id='line_1_25' title="bbox 410 2278 1871 2349; baseline -0.001 -15"><span class='ocrx_word' id='word_1_181' title='bbox 410 2296 483 2335; x_wconf 89' lang='lat' dir='ltr'><strong>ne</strong></span> <span class='ocrx_word' id='word_1_182' title='bbox 518 2279 731 2336; x_wconf 81' lang='lat' dir='ltr'><strong>accidat</strong></span> <span class='ocrx_word' id='word_1_183' title='bbox 1178 2296 1322 2335; x_wconf 88' lang='lat' dir='ltr'><strong>nunc</strong></span> <span class='ocrx_word' id='word_1_184' title='bbox 1358 2280 1552 2335; x_wconf 87' lang='lat' dir='ltr'><strong>saltem</strong></span> <span class='ocrx_word' id='word_1_185' title='bbox 1586 2278 1871 2349; x_wconf 82' lang='lat' dir='ltr'><strong>providete</strong></span> 
     </span>
    </p>
   </div>
   <div class='ocr_carea' id='block_1_5' title="bbox 409 2345 2693 3198">
    <p class='ocr_par' dir='ltr' id='par_1_9' title="bbox 409 2345 2693 2566">
     <span class='ocr_line' id='line_1_26' title="bbox 469 2345 2689 2433; baseline -0.001 -12"><span class='ocrx_word' id='word_1_186' title='bbox 469 2352 560 2421; x_wconf 82' lang='grc'><strong>12)</strong></span> <span class='ocrx_word' id='word_1_187' title='bbox 621 2368 719 2416; x_wconf 91' lang='lat' dir='ltr'><strong>ne,</strong></span> <span class='ocrx_word' id='word_1_188' title='bbox 778 2349 910 2404; x_wconf 72' lang='lat' dir='ltr'><strong>dum</strong></span> <span class='ocrx_word' id='word_1_189' title='bbox 969 2345 1159 2418; x_wconf 60' lang='lat' dir='ltr'><strong>P⁸¹²05⁸</strong></span> <span class='ocrx_word' id='word_1_190' title='bbox 1212 2351 1266 2407; x_wconf 87' lang='grc' dir='ltr'><strong>ῙῙ</strong></span> <span class='ocrx_word' id='word_1_191' title='bbox 1285 2354 1319 2406; x_wconf 79' lang='grc'>8</span> <span class='ocrx_word' id='word_1_192' title='bbox 1343 2367 1639 2422; x_wconf 64' lang='lat' dir='ltr'><strong>Pstssssol&#39;um</strong></span> <span class='ocrx_word' id='word_1_193' title='bbox 1654 2350 1921 2420; x_wconf 62' lang='lat' dir='ltr'><strong>Pl&#39;aVif‘ate</strong></span> <span class='ocrx_word' id='word_1_194' title='bbox 1976 2361 2017 2417; x_wconf 83' lang='lat' dir='ltr'>O</span> <span class='ocrx_word' id='word_1_195' title='bbox 2040 2361 2097 2416; x_wconf 90' lang='grc' dir='ltr'>Π</span> <span class='ocrx_word' id='word_1_196' title='bbox 2119 2362 2173 2426; x_wconf 84' lang='lat'><strong>4,</strong></span> <span class='ocrx_word' id='word_1_197' title='bbox 2210 2360 2244 2415; x_wconf 84' lang='lat'>3</span> <span class='ocrx_word' id='word_1_198' title='bbox 2282 2377 2353 2415; x_wconf 87' lang='lat' dir='ltr'><strong>ne</strong></span> <span class='ocrx_word' id='word_1_199' title='bbox 2388 2379 2689 2433; x_wconf 79' lang='lat' dir='ltr'><strong>paucorum</strong></span> 
     </span>
     <span class='ocr_line' id='line_1_27' title="bbox 409 2417 2693 2492; baseline -0.005 -7"><span class='ocrx_word' id='word_1_200' title='bbox 409 2423 685 2478; x_wconf 68' lang='lat' dir='ltr'><strong>sceleratis</strong></span> <span class='ocrx_word' id='word_1_201' title='bbox 712 2423 960 2491; x_wconf 65' lang='lat' dir='ltr'><strong>pareunt,</strong></span> <span class='ocrx_word' id='word_1_202' title='bbox 982 2417 1154 2474; x_wconf 71' lang='lat' dir='ltr'><strong>bonos</strong></span> <span class='ocrx_word' id='word_1_203' title='bbox 1177 2424 1233 2478; x_wconf 87' lang='lat' dir='ltr'><strong>in</strong></span> <span class='ocrx_word' id='word_1_204' title='bbox 1258 2439 1602 2479; x_wconf 88' lang='lat' dir='ltr'><strong>communem</strong></span> <span class='ocrx_word' id='word_1_205' title='bbox 1625 2421 1920 2492; x_wconf 85' lang='lat' dir='ltr'><strong>perniciem</strong></span> <span class='ocrx_word' id='word_1_206' title='bbox 1940 2435 2116 2489; x_wconf 61' lang='lat' dir='ltr'><strong>„celus</strong></span> <span class='ocrx_word' id='word_1_207' title='bbox 2195 2432 2437 2490; x_wconf 72' lang='lat' dir='ltr'><strong>omnium</strong></span> <span class='ocrx_word' id='word_1_208' title='bbox 2526 2435 2693 2492; x_wconf 62' lang='lat' dir='ltr'><strong>exitio</strong></span> 
     </span>
     <span class='ocr_line' id='line_1_28' title="bbox 413 2493 2258 2566; baseline -0.007 -15"><span class='ocrx_word' id='word_1_209' title='bbox 413 2495 590 2551; x_wconf 87' lang='lat' dir='ltr'><strong>omnis</strong></span> <span class='ocrx_word' id='word_1_210' title='bbox 624 2494 900 2564; x_wconf 86' lang='lat' dir='ltr'><strong>perditum</strong></span> <span class='ocrx_word' id='word_1_211' title='bbox 935 2493 1064 2545; x_wconf 89' lang='lat' dir='ltr'><strong>eant</strong></span> <span class='ocrx_word' id='word_1_212' title='bbox 1176 2495 1594 2566; x_wconf 71' lang='lat' dir='ltr'><strong>praecipitatum</strong></span> <span class='ocrx_word' id='word_1_213' title='bbox 1630 2495 1698 2548; x_wconf 82' lang='lat' dir='ltr'><strong>iri</strong></span> <span class='ocrx_word' id='word_1_214' title='bbox 1940 2507 2115 2561; x_wconf 58' lang='lat' dir='ltr'><strong>ultum</strong></span> <span class='ocrx_word' id='word_1_215' title='bbox 2149 2504 2258 2560; x_wconf 48' lang='grc' dir='ltr'><strong>ξτες,</strong></span> 
     </span>
    </p>

    <p class='ocr_par' dir='ltr' id='par_1_10' title="bbox 448 2563 2693 2641">
     <span class='ocr_line' id='line_1_29' title="bbox 448 2563 2693 2641; baseline -0.004 -17"><span class='ocrx_word' id='word_1_216' title='bbox 448 2567 541 2636; x_wconf 83' lang='grc'><strong>24)</strong></span> <span class='ocrx_word' id='word_1_217' title='bbox 577 2566 788 2621; x_wconf 88' lang='lat' dir='ltr'><strong>nomini</strong></span> <span class='ocrx_word' id='word_1_218' title='bbox 821 2565 1066 2619; x_wconf 82' lang='lat' dir='ltr'><strong>Romano</strong></span> <span class='ocrx_word' id='word_1_219' title='bbox 1213 2567 1262 2625; x_wconf 89' lang='lat' dir='ltr'><strong>V</strong></span> <span class='ocrx_word' id='word_1_220' title='bbox 1300 2570 1370 2623; x_wconf 84' lang='lat'><strong>13</strong></span> <span class='ocrx_word' id='word_1_221' title='bbox 1416 2565 1641 2637; x_wconf 82' lang='lat' dir='ltr'><strong>Trojani</strong></span> <span class='ocrx_word' id='word_1_222' title='bbox 1685 2563 1922 2620; x_wconf 85' lang='lat' dir='ltr'><strong>nominis</strong></span> <span class='ocrx_word' id='word_1_223' title='bbox 1977 2577 2021 2634; x_wconf 79' lang='lat' dir='ltr'><strong>c</strong></span> <span class='ocrx_word' id='word_1_224' title='bbox 2054 2578 2110 2632; x_wconf 89' lang='lat'><strong>11</strong></span> <span class='ocrx_word' id='word_1_225' title='bbox 2133 2577 2223 2641; x_wconf 73' lang='lat'><strong>23,</strong></span> <span class='ocrx_word' id='word_1_226' title='bbox 2256 2576 2293 2631; x_wconf 81' lang='lat'><strong>3</strong></span> <span class='ocrx_word' id='word_1_227' title='bbox 2328 2574 2693 2634; x_wconf 57' lang='lat' dir='ltr'><strong>christianum</strong></span> 
     </span>
    </p>

    <p class='ocr_par' dir='ltr' id='par_1_11' title="bbox 1944 2666 2142 2705">
     <span class='ocr_line' id='line_1_30' title="bbox 1944 2666 2142 2705; baseline 0 0"><span class='ocrx_word' id='word_1_228' title='bbox 1944 2669 1978 2705; x_wconf 90' lang='lat' dir='ltr'><strong>n</strong></span> <span class='ocrx_word' id='word_1_229' title='bbox 2015 2666 2142 2705; x_wconf 89' lang='lat' dir='ltr'><strong>men</strong></span> 
     </span>
    </p>

    <p class='ocr_par' dir='ltr' id='par_1_12' title="bbox 411 2667 2014 2925">
     <span class='ocr_line' id='line_1_31' title="bbox 448 2667 2014 2778; baseline -0.001 -15"><span class='ocrx_word' id='word_1_230' title='bbox 448 2707 544 2778; x_wconf 86' lang='grc'><strong>28)</strong></span> <span class='ocrx_word' id='word_1_231' title='bbox 586 2706 783 2763; x_wconf 83' lang='lat' dir='ltr'><strong>inertia</strong></span> <span class='ocrx_word' id='word_1_232' title='bbox 830 2708 887 2761; x_wconf 84' lang='lat' dir='ltr'><strong>et</strong></span> <span class='ocrx_word' id='word_1_233' title='bbox 922 2705 1157 2760; x_wconf 82' lang='lat' dir='ltr'><strong>mollitia</strong></span> <span class='ocrx_word' id='word_1_234' title='bbox 1211 2708 1267 2763; x_wconf 93' lang='lat' dir='ltr'><strong>II</strong></span> <span class='ocrx_word' id='word_1_235' title='bbox 1313 2711 1384 2765; x_wconf 81' lang='lat'><strong>23</strong></span> <span class='ocrx_word' id='word_1_236' title='bbox 1443 2725 1647 2778; x_wconf 79' lang='lat' dir='ltr'><strong>magno</strong></span> <span class='ocrx_word' id='word_1_237' title='bbox 1706 2705 1923 2761; x_wconf 85' lang='lat' dir='ltr'><strong>silentio</strong></span> <span class='ocrx_word' id='word_1_238' title='bbox 1981 2667 2014 2706; x_wconf 72' lang='grc' dir='ltr'>Ο</span> 
     </span>
     <span class='ocr_line' id='line_1_32' title="bbox 411 2778 1926 2837; baseline -0.003 -2"><span class='ocrx_word' id='word_1_239' title='bbox 411 2780 582 2836; x_wconf 79' lang='lat' dir='ltr'><strong>animi</strong></span> <span class='ocrx_word' id='word_1_240' title='bbox 650 2780 788 2835; x_wconf 88' lang='lat' dir='ltr'><strong>alius</strong></span> <span class='ocrx_word' id='word_1_241' title='bbox 846 2778 1014 2833; x_wconf 84' lang='lat' dir='ltr'><strong>alium</strong></span> <span class='ocrx_word' id='word_1_242' title='bbox 1069 2793 1154 2831; x_wconf 86' lang='lat' dir='ltr'><strong>ex·</strong></span> <span class='ocrx_word' id='word_1_243' title='bbox 1177 2780 1386 2837; x_wconf 85' lang='lat' dir='ltr'><strong>cunctis</strong></span> <span class='ocrx_word' id='word_1_244' title='bbox 1432 2781 1667 2835; x_wconf 81' lang='lat' dir='ltr'><strong>alienam</strong></span> <span class='ocrx_word' id='word_1_245' title='bbox 1712 2782 1926 2832; x_wconf 84' lang='lat' dir='ltr'><strong>senten-</strong></span> 
     </span>
     <span class='ocr_line' id='line_1_33' title="bbox 411 2849 1924 2925; baseline -0.003 -16"><span class='ocrx_word' id='word_1_246' title='bbox 411 2855 695 2925; x_wconf 83' lang='lat' dir='ltr'><strong>pectantes</strong></span> <span class='ocrx_word' id='word_1_247' title='bbox 731 2849 1064 2906; x_wconf 83' lang='lat' dir='ltr'><strong>cunctamini</strong></span> <span class='ocrx_word' id='word_1_248' title='bbox 1177 2854 1311 2907; x_wconf 81' lang='lat' dir='ltr'><strong>tiam</strong></span> <span class='ocrx_word' id='word_1_249' title='bbox 1332 2852 1763 2922; x_wconf 79' lang='lat' dir='ltr'><strong>expectantibus,</strong></span> <span class='ocrx_word' id='word_1_250' title='bbox 1801 2867 1924 2905; x_wconf 88' lang='lat' dir='ltr'><strong>cum</strong></span> 
     </span>
    </p>

    <p class='ocr_par' dir='ltr' id='par_1_13' title="bbox 1179 2923 1926 3051">
     <span class='ocr_line' id='line_1_34' title="bbox 1179 2923 1926 2994; baseline -0.004 -15"><span class='ocrx_word' id='word_1_251' title='bbox 1179 2941 1236 2979; x_wconf 87' lang='lat' dir='ltr'><strong>se</strong></span> <span class='ocrx_word' id='word_1_252' title='bbox 1244 2925 1468 2994; x_wconf 86' lang='lat' dir='ltr'><strong>quisque</strong></span> <span class='ocrx_word' id='word_1_253' title='bbox 1479 2924 1658 2978; x_wconf 83' lang='lat' dir='ltr'><strong>minus</strong></span> <span class='ocrx_word' id='word_1_254' title='bbox 1668 2923 1926 2977; x_wconf 85' lang='lat' dir='ltr'><strong>idoneum</strong></span> 
     </span>
     <span class='ocr_line' id='line_1_35' title="bbox 1180 2995 1751 3051; baseline -0.002 0"><span class='ocrx_word' id='word_1_255' title='bbox 1180 3002 1457 3051; x_wconf 81' lang='lat' dir='ltr'><strong>auctorem</strong></span> <span class='ocrx_word' id='word_1_256' title='bbox 1497 2995 1751 3051; x_wconf 84' lang='lat' dir='ltr'><strong>crederet</strong></span> 
     </span>
    </p>

    <p class='ocr_par' dir='ltr' id='par_1_14' title="bbox 411 3066 1927 3198">
     <span class='ocr_line' id='line_1_36' title="bbox 449 3066 1927 3140; baseline -0.003 -16"><span class='ocrx_word' id='word_1_257' title='bbox 449 3069 544 3140; x_wconf 82' lang='lat'><strong>30)</strong></span> <span class='ocrx_word' id='word_1_258' title='bbox 590 3068 649 3123; x_wconf 90' lang='lat' dir='ltr'><strong>in</strong></span> <span class='ocrx_word' id='word_1_259' title='bbox 693 3066 909 3124; x_wconf 86' lang='lat' dir='ltr'><strong>hostem</strong></span> <span class='ocrx_word' id='word_1_260' title='bbox 943 3080 1158 3136; x_wconf 83' lang='lat' dir='ltr'><strong>pugna-</strong></span> <span class='ocrx_word' id='word_1_261' title='bbox 1214 3068 1296 3123; x_wconf 91' lang='lat'><strong>111</strong></span> <span class='ocrx_word' id='word_1_262' title='bbox 1323 3070 1357 3123; x_wconf 79' lang='grc' dir='ltr'>ὅ</span> <span class='ocrx_word' id='word_1_263' title='bbox 1376 3067 1667 3123; x_wconf 86' lang='lat' dir='ltr'><strong>inhostem</strong></span> <span class='ocrx_word' id='word_1_264' title='bbox 1685 3081 1927 3138; x_wconf 84' lang='lat' dir='ltr'><strong>pugnare</strong></span> 
     </span>
     <span class='ocr_line' id='line_1_37' title="bbox 411 3144 565 3198; baseline -0.019 0"><span class='ocrx_word' id='word_1_265' title='bbox 411 3144 565 3198; x_wconf 83' lang='lat' dir='ltr'><strong>verat</strong></span> 
     </span>
    </p>
   </div>
   <div class='ocr_carea' id='block_1_6' title="bbox 410 3278 1931 3712">
    <p class='ocr_par' dir='ltr' id='par_1_15' title="bbox 410 3278 1931 3712">
     <span class='ocr_line' id='line_1_38' title="bbox 453 3278 1928 3355; baseline -0.003 -15"><span class='ocrx_word' id='word_1_266' title='bbox 453 3287 507 3353; x_wconf 92' lang='grc'><strong>1)</strong></span> <span class='ocrx_word' id='word_1_267' title='bbox 551 3288 840 3355; x_wconf 86' lang='lat' dir='ltr'><strong>postquam</strong></span> <span class='ocrx_word' id='word_1_268' title='bbox 884 3279 1020 3335; x_wconf 86' lang='lat' dir='ltr'><strong>Oato</strong></span> <span class='ocrx_word' id='word_1_269' title='bbox 1069 3278 1159 3333; x_wconf 79' lang='lat' dir='ltr'><strong>ad·</strong></span> <span class='ocrx_word' id='word_1_270' title='bbox 1215 3280 1272 3334; x_wconf 91' lang='grc' dir='ltr'>Π</span> <span class='ocrx_word' id='word_1_271' title='bbox 1308 3281 1383 3336; x_wconf 86' lang='grc'><strong>48</strong></span> <span class='ocrx_word' id='word_1_272' title='bbox 1427 3283 1485 3335; x_wconf 85' lang='lat' dir='ltr'><strong>at</strong></span> <span class='ocrx_word' id='word_1_273' title='bbox 1520 3279 1616 3336; x_wconf 89' lang='lat' dir='ltr'><strong>ubi</strong></span> <span class='ocrx_word' id='word_1_274' title='bbox 1650 3278 1814 3334; x_wconf 87' lang='lat' dir='ltr'><strong>finem</strong></span> <span class='ocrx_word' id='word_1_275' title='bbox 1850 3279 1928 3335; x_wconf 92' lang='lat' dir='ltr'><strong>lo·</strong></span> 
     </span>
     <span class='ocr_line' id='line_1_39' title="bbox 412 3350 1931 3422; baseline -0.004 -10"><span class='ocrx_word' id='word_1_276' title='bbox 412 3357 556 3412; x_wconf 84' lang='lat' dir='ltr'><strong>sedit</strong></span> <span class='ocrx_word' id='word_1_277' title='bbox 570 3397 584 3422; x_wconf 84' lang='lat'>‚</span> <span class='ocrx_word' id='word_1_278' title='bbox 631 3354 938 3411; x_wconf 84' lang='lat' dir='ltr'><strong>consulares</strong></span> <span class='ocrx_word' id='word_1_279' title='bbox 973 3365 1161 3407; x_wconf 89' lang='lat' dir='ltr'><strong>omnes</strong></span> <span class='ocrx_word' id='word_1_280' title='bbox 1180 3353 1381 3417; x_wconf 83' lang='lat' dir='ltr'><strong>quendi</strong></span> <span class='ocrx_word' id='word_1_281' title='bbox 1416 3352 1567 3416; x_wconf 83' lang='lat' dir='ltr'><strong>fecit..</strong></span> <span class='ocrx_word' id='word_1_282' title='bbox 1611 3352 1795 3407; x_wconf 86' lang='lat' dir='ltr'><strong>cuncti</strong></span> <span class='ocrx_word' id='word_1_283' title='bbox 1831 3350 1931 3406; x_wconf 86' lang='lat' dir='ltr'><strong>du-</strong></span> 
     </span>
     <span class='ocr_line' id='line_1_40' title="bbox 410 3423 1928 3498; baseline -0.005 -14"><span class='ocrx_word' id='word_1_284' title='bbox 410 3428 651 3498; x_wconf 87' lang='lat' dir='ltr'><strong>itemque</strong></span> <span class='ocrx_word' id='word_1_285' title='bbox 687 3467 701 3481; x_wconf 88' lang='lat'><strong>.</strong></span> <span class='ocrx_word' id='word_1_286' title='bbox 727 3466 742 3480; x_wconf 88' lang='lat'><strong>.</strong></span> <span class='ocrx_word' id='word_1_287' title='bbox 785 3465 799 3480; x_wconf 92' lang='lat'><strong>.</strong></span> <span class='ocrx_word' id='word_1_288' title='bbox 834 3423 1159 3480; x_wconf 81' lang='lat' dir='ltr'><strong>sententiam</strong></span> <span class='ocrx_word' id='word_1_289' title='bbox 1183 3441 1272 3481; x_wconf 85' lang='lat' dir='ltr'><strong>ces</strong></span> <span class='ocrx_word' id='word_1_290' title='bbox 1342 3424 1568 3479; x_wconf 82' lang='lat' dir='ltr'><strong>laudare</strong></span> <span class='ocrx_word' id='word_1_291' title='bbox 1641 3423 1928 3479; x_wconf 87' lang='lat' dir='ltr'><strong>consilium</strong></span> 
     </span>
     <span class='ocr_line' id='line_1_41' title="bbox 413 3494 1929 3571; baseline -0.005 -16"><span class='ocrx_word' id='word_1_292' title='bbox 413 3501 529 3571; x_wconf 87' lang='lat' dir='ltr'><strong>ejus</strong></span> <span class='ocrx_word' id='word_1_293' title='bbox 583 3499 808 3555; x_wconf 83' lang='lat' dir='ltr'><strong>laudant</strong></span> <span class='ocrx_word' id='word_1_294' title='bbox 823 3539 838 3565; x_wconf 87' lang='lat'>‚</span> <span class='ocrx_word' id='word_1_295' title='bbox 901 3497 1159 3551; x_wconf 87' lang='lat' dir='ltr'><strong>virtutem</strong></span> <span class='ocrx_word' id='word_1_296' title='bbox 1181 3496 1285 3551; x_wconf 84' lang='lat' dir='ltr'><strong>viri</strong></span> <span class='ocrx_word' id='word_1_297' title='bbox 1367 3496 1634 3563; x_wconf 86' lang='lat' dir='ltr'><strong>simulque</strong></span> <span class='ocrx_word' id='word_1_298' title='bbox 1714 3494 1929 3564; x_wconf 85' lang='lat' dir='ltr'><strong>praedi-</strong></span> 
     </span>
     <span class='ocr_line' id='line_1_42' title="bbox 414 3565 1929 3635; baseline -0.005 -8"><span class='ocrx_word' id='word_1_299' title='bbox 414 3572 584 3628; x_wconf 81' lang='lat' dir='ltr'><strong>animi</strong></span> <span class='ocrx_word' id='word_1_300' title='bbox 619 3571 690 3626; x_wconf 83' lang='lat' dir='ltr'><strong>ad</strong></span> <span class='ocrx_word' id='word_1_301' title='bbox 713 3569 927 3626; x_wconf 83' lang='lat' dir='ltr'><strong>eaelum</strong></span> <span class='ocrx_word' id='word_1_302' title='bbox 962 3566 1160 3635; x_wconf 81' lang='lat' dir='ltr'><strong>ferunt,</strong></span> <span class='ocrx_word' id='word_1_303' title='bbox 1180 3571 1367 3624; x_wconf 80' lang='lat' dir='ltr'><strong>cantes</strong></span> <span class='ocrx_word' id='word_1_304' title='bbox 1400 3567 1474 3621; x_wconf 82' lang='lat' dir='ltr'><strong>ad</strong></span> <span class='ocrx_word' id='word_1_305' title='bbox 1499 3565 1709 3622; x_wconf 81' lang='lat' dir='ltr'><strong>caelum</strong></span> <span class='ocrx_word' id='word_1_306' title='bbox 1735 3565 1929 3620; x_wconf 88' lang='lat' dir='ltr'><strong>tollere</strong></span> 
     </span>
     <span class='ocr_line' id='line_1_43' title="bbox 430 3636 1929 3712; baseline -0.007 -12"><span class='ocrx_word' id='word_1_307' title='bbox 430 3644 565 3700; x_wconf 82' lang='lat' dir='ltr'><strong>Cato</strong></span> <span class='ocrx_word' id='word_1_308' title='bbox 575 3644 752 3700; x_wconf 87' lang='lat' dir='ltr'><strong>clarus</strong></span> <span class='ocrx_word' id='word_1_309' title='bbox 761 3645 923 3712; x_wconf 84' lang='lat' dir='ltr'><strong>atque</strong></span> <span class='ocrx_word' id='word_1_310' title='bbox 934 3656 1161 3712; x_wconf 80' lang='lat' dir='ltr'><strong>magnus</strong></span> <span class='ocrx_word' id='word_1_311' title='bbox 1215 3641 1243 3694; x_wconf 94' lang='lat'>1</span> <span class='ocrx_word' id='word_1_312' title='bbox 1284 3640 1350 3693; x_wconf 91' lang='grc'><strong>16</strong></span> <span class='ocrx_word' id='word_1_313' title='bbox 1385 3654 1616 3708; x_wconf 80' lang='lat' dir='ltr'><strong>magnus</strong></span> <span class='ocrx_word' id='word_1_314' title='bbox 1635 3639 1798 3707; x_wconf 79' lang='lat' dir='ltr'><strong>atque</strong></span> <span class='ocrx_word' id='word_1_315' title='bbox 1820 3636 1929 3690; x_wconf 82' lang='lat' dir='ltr'><strong>cla-</strong></span> 
     </span>
    </p>
   </div>
   <div class='ocr_carea' id='block_1_7' title="bbox 412 3709 2706 4427">
    <p class='ocr_par' dir='ltr' id='par_1_16' title="bbox 413 3709 1612 3772">
     <span class='ocr_line' id='line_1_44' title="bbox 413 3709 1612 3772; baseline -0.008 0"><span class='ocrx_word' id='word_1_316' title='bbox 413 3715 648 3772; x_wconf 84' lang='lat' dir='ltr'><strong>habetur</strong></span> <span class='ocrx_word' id='word_1_317' title='bbox 1181 3729 1271 3767; x_wconf 84' lang='lat' dir='ltr'><strong>rus</strong></span> <span class='ocrx_word' id='word_1_318' title='bbox 1307 3709 1612 3766; x_wconf 81' lang='lat' dir='ltr'><strong>habebatur</strong></span> 
     </span>
    </p>

    <p class='ocr_par' dir='ltr' id='par_1_17' title="bbox 412 3786 2703 4197">
     <span class='ocr_line' id='line_1_45' title="bbox 452 3786 2703 3858; baseline -0.009 0"><span class='ocrx_word' id='word_1_319' title='bbox 452 3789 510 3858; x_wconf 83' lang='lat'><strong>3)</strong></span> <span class='ocrx_word' id='word_1_320' title='bbox 555 3787 797 3843; x_wconf 76' lang='lat' dir='ltr'><strong>sciebam</strong></span> <span class='ocrx_word' id='word_1_321' title='bbox 849 3798 1014 3853; x_wconf 72' lang='lat' dir='ltr'><strong>saepe</strong></span> <span class='ocrx_word' id='word_1_322' title='bbox 1065 3797 1160 3835; x_wconf 84' lang='lat' dir='ltr'><strong>nu·</strong></span> <span class='ocrx_word' id='word_1_323' title='bbox 1987 3786 2027 3843; x_wconf 88' lang='lat' dir='ltr'><strong>c</strong></span> <span class='ocrx_word' id='word_1_324' title='bbox 2062 3787 2119 3842; x_wconf 91' lang='lat'><strong>11</strong></span> <span class='ocrx_word' id='word_1_325' title='bbox 2146 3787 2235 3851; x_wconf 71' lang='lat'><strong>213</strong></span> <span class='ocrx_word' id='word_1_326' title='bbox 2271 3789 2307 3844; x_wconf 83' lang='lat'>6</span> <span class='ocrx_word' id='word_1_327' title='bbox 2342 3800 2505 3856; x_wconf 75' lang='lat' dir='ltr'><strong>saepe</strong></span> <span class='ocrx_word' id='word_1_328' title='bbox 2541 3786 2703 3839; x_wconf 67' lang='lat' dir='ltr'><strong>antea</strong></span> 
     </span>
     <span class='ocr_line' id='line_1_46' title="bbox 412 3857 2699 3931; baseline -0.01 1"><span class='ocrx_word' id='word_1_329' title='bbox 412 3875 568 3915; x_wconf 62' lang='lat' dir='ltr'><strong>mero</strong></span> <span class='ocrx_word' id='word_1_330' title='bbox 621 3875 791 3931; x_wconf 64' lang='lat' dir='ltr'><strong>parva</strong></span> <span class='ocrx_word' id='word_1_331' title='bbox 836 3872 1003 3910; x_wconf 64' lang='lat' dir='ltr'><strong>mmm</strong></span> <span class='ocrx_word' id='word_1_332' title='bbox 1037 3869 1164 3908; x_wconf 65' lang='lat' dir='ltr'><strong>&lt;mm</strong></span> <span class='ocrx_word' id='word_1_333' title='bbox 1950 3879 1983 3916; x_wconf 80' lang='lat' dir='ltr'><strong>a</strong></span> <span class='ocrx_word' id='word_1_334' title='bbox 2017 3857 2364 3931; x_wconf 79' lang='lat' dir='ltr'><strong>paucioribus</strong></span> <span class='ocrx_word' id='word_1_335' title='bbox 2413 3857 2699 3912; x_wconf 77' lang='lat' dir='ltr'><strong>adversum</strong></span> 
     </span>
     <span class='ocr_line' id='line_1_47' title="bbox 413 3923 2649 4005; baseline -0.01 -1"><span class='ocrx_word' id='word_1_336' title='bbox 413 3931 629 4003; x_wconf 62' lang='lat' dir='ltr'><strong>magnifl</strong></span> <span class='ocrx_word' id='word_1_337' title='bbox 701 3928 1008 3999; x_wconf 62' lang='lat' dir='ltr'><strong>legionibm</strong></span> <span class='ocrx_word' id='word_1_338' title='bbox 1066 3923 1162 3979; x_wconf 60' lang='grc' dir='ltr'><strong>1ὶο-</strong></span> <span class='ocrx_word' id='word_1_339' title='bbox 1950 3933 2135 4005; x_wconf 88' lang='lat' dir='ltr'><strong>plures</strong></span> <span class='ocrx_word' id='word_1_340' title='bbox 2174 3932 2315 3989; x_wconf 90' lang='lat' dir='ltr'><strong>bene</strong></span> <span class='ocrx_word' id='word_1_341' title='bbox 2344 3931 2649 4002; x_wconf 80' lang='lat' dir='ltr'><strong>pugnatum</strong></span> 
     </span>
     <span class='ocr_line' id='line_1_48' title="bbox 413 3999 2683 4061; baseline -0.008 -1"><span class='ocrx_word' id='word_1_342' title='bbox 413 4005 581 4061; x_wconf 85' lang='lat' dir='ltr'><strong>stium</strong></span> <span class='ocrx_word' id='word_1_343' title='bbox 615 3999 959 4059; x_wconf 82' lang='lat' dir='ltr'><strong>contendisse</strong></span> <span class='ocrx_word' id='word_1_344' title='bbox 2674 4020 2683 4029; x_wconf 91' lang='lat'><em>-</em></span> 
     </span>
     <span class='ocr_line' id='line_1_49' title="bbox 451 4065 1932 4197; baseline -0.006 -67"><span class='ocrx_word' id='word_1_345' title='bbox 451 4077 509 4148; x_wconf 85' lang='grc'><strong>6)</strong></span> <span class='ocrx_word' id='word_1_346' title='bbox 542 4071 992 4197; x_wconf 61' lang='grc' dir='ltr'><strong>ἰηςθητίὅνὶηαιθ</strong></span> <span class='ocrx_word' id='word_1_347' title='bbox 1219 4068 1247 4123; x_wconf 94' lang='lat'>1</span> <span class='ocrx_word' id='word_1_348' title='bbox 1268 4071 1320 4136; x_wconf 80' lang='lat'><strong>3,</strong></span> <span class='ocrx_word' id='word_1_349' title='bbox 1345 4066 1402 4124; x_wconf 92' lang='lat'><strong>11</strong></span> <span class='ocrx_word' id='word_1_350' title='bbox 1417 4069 1452 4124; x_wconf 88' lang='grc'>9</span> <span class='ocrx_word' id='word_1_351' title='bbox 1474 4065 1687 4139; x_wconf 80' lang='lat' dir='ltr'><strong>ingenti</strong></span> <span class='ocrx_word' id='word_1_352' title='bbox 1710 4065 1932 4123; x_wconf 88' lang='lat' dir='ltr'><strong>nomine</strong></span> 
     </span>
    </p>

    <p class='ocr_par' dir='ltr' id='par_1_18' title="bbox 417 4200 2706 4427">
     <span class='ocr_line' id='line_1_50' title="bbox 453 4200 2706 4284; baseline -0.007 -11"><span class='ocrx_word' id='word_1_353' title='bbox 453 4217 515 4284; x_wconf 83' lang='lat'><strong>4)</strong></span> <span class='ocrx_word' id='word_1_354' title='bbox 567 4215 775 4272; x_wconf 88' lang='lat' dir='ltr'><strong>bellum</strong></span> <span class='ocrx_word' id='word_1_355' title='bbox 826 4227 1030 4268; x_wconf 86' lang='lat' dir='ltr'><strong>novom</strong></span> <span class='ocrx_word' id='word_1_356' title='bbox 1075 4225 1164 4264; x_wconf 83' lang='lat' dir='ltr'><strong>ex·</strong></span> <span class='ocrx_word' id='word_1_357' title='bbox 1989 4208 2031 4265; x_wconf 86' lang='lat' dir='ltr'>G</span> <span class='ocrx_word' id='word_1_358' title='bbox 2066 4207 2121 4263; x_wconf 91' lang='lat'><strong>11</strong></span> <span class='ocrx_word' id='word_1_359' title='bbox 2149 4207 2241 4273; x_wconf 77' lang='grc'><strong>26,</strong></span> <span class='ocrx_word' id='word_1_360' title='bbox 2279 4207 2313 4263; x_wconf 81' lang='lat'><strong>5</strong></span> <span class='ocrx_word' id='word_1_361' title='bbox 2348 4219 2537 4262; x_wconf 75' lang='lat' dir='ltr'><strong>causas</strong></span> <span class='ocrx_word' id='word_1_362' title='bbox 2570 4200 2706 4260; x_wconf 86' lang='lat' dir='ltr'><strong>belli</strong></span> 
     </span>
     <span class='ocr_line' id='line_1_51' title="bbox 418 4273 2705 4358; baseline -0.004 -16"><span class='ocrx_word' id='word_1_363' title='bbox 418 4286 663 4358; x_wconf 79' lang='lat' dir='ltr'><strong>optabat,</strong></span> <span class='ocrx_word' id='word_1_364' title='bbox 712 4286 813 4341; x_wconf 88' lang='lat' dir='ltr'><strong>ubi</strong></span> <span class='ocrx_word' id='word_1_365' title='bbox 844 4285 1017 4341; x_wconf 84' lang='lat' dir='ltr'><strong>virtus</strong></span> <span class='ocrx_word' id='word_1_366' title='bbox 1053 4280 1165 4337; x_wconf 89' lang='lat' dir='ltr'><strong>eni·</strong></span> <span class='ocrx_word' id='word_1_367' title='bbox 1268 4350 1271 4355; x_wconf 87' lang='lat'><em>.</em></span> <span class='ocrx_word' id='word_1_368' title='bbox 1953 4285 2011 4336; x_wconf 87' lang='lat' dir='ltr'><strong>et</strong></span> <span class='ocrx_word' id='word_1_369' title='bbox 2080 4278 2370 4335; x_wconf 78' lang='lat' dir='ltr'><strong>materiam</strong></span> <span class='ocrx_word' id='word_1_370' title='bbox 2450 4273 2705 4335; x_wconf 71' lang='lat' dir='ltr'><strong>vincendi</strong></span> 
     </span>
     <span class='ocr_line' id='line_1_52' title="bbox 417 4352 2249 4427; baseline -0.003 -14"><span class='ocrx_word' id='word_1_371' title='bbox 417 4361 627 4413; x_wconf 81' lang='lat' dir='ltr'><strong>tescere</strong></span> <span class='ocrx_word' id='word_1_372' title='bbox 661 4361 846 4427; x_wconf 88' lang='lat' dir='ltr'><strong>posset</strong></span> <span class='ocrx_word' id='word_1_373' title='bbox 1950 4352 2249 4423; x_wconf 75' lang='lat' dir='ltr'><strong>quaerebat</strong></span> 
     </span>
    </p>
   </div>
   <div class='ocr_carea' id='block_1_8' title="bbox 452 4422 1932 4498">
    <p class='ocr_par' dir='ltr' id='par_1_19' title="bbox 452 4422 1932 4498">
     <span class='ocr_line' id='line_1_53' title="bbox 452 4422 1932 4498; baseline -0.004 -14"><span class='ocrx_word' id='word_1_374' title='bbox 452 4426 512 4497; x_wconf 76' lang='lat'><strong>5)</strong></span> <span class='ocrx_word' id='word_1_375' title='bbox 565 4445 672 4498; x_wconf 85' lang='lat' dir='ltr'><strong>quo</strong></span> <span class='ocrx_word' id='word_1_376' title='bbox 715 4428 894 4484; x_wconf 87' lang='lat' dir='ltr'><strong>minus</strong></span> <span class='ocrx_word' id='word_1_377' title='bbox 940 4424 1165 4497; x_wconf 80' lang='lat' dir='ltr'><strong>petebat</strong></span> <span class='ocrx_word' id='word_1_378' title='bbox 1218 4423 1377 4480; x_wconf 71' lang='lat'>1121</span> <span class='ocrx_word' id='word_1_379' title='bbox 1427 4439 1647 4494; x_wconf 83' lang='lat' dir='ltr'><strong>semper</strong></span> <span class='ocrx_word' id='word_1_380' title='bbox 1687 4422 1774 4480; x_wconf 88' lang='lat' dir='ltr'><strong>his</strong></span> <span class='ocrx_word' id='word_1_381' title='bbox 1808 4462 1825 4478; x_wconf 90' lang='lat'><strong>.</strong></span> <span class='ocrx_word' id='word_1_382' title='bbox 1863 4464 1880 4481; x_wconf 89' lang='lat'><strong>.</strong></span> <span class='ocrx_word' id='word_1_383' title='bbox 1916 4462 1932 4478; x_wconf 88' lang='lat'><strong>.</strong></span> 
     </span>
    </p>
   </div>
   <div class='ocr_carea' id='block_1_9' title="bbox 2399 4562 2558 4755">
    <p class='ocr_par' dir='ltr' id='par_1_20' title="bbox 2399 4562 2558 4755">
     <span class='ocr_line' id='line_1_54' title="bbox 2399 4562 2558 4755; baseline 0 -184"><span class='ocrx_word' id='word_1_384' title='bbox 2399 4562 2558 4755; x_wconf 65' lang='lat' dir='ltr'><strong>f&#39;</strong></span> 
     </span>
    </p>
   </div>
  </div>
 </body>
</html>
