3000 4792
1380 187 1463 250 49

263 358 656 442 comparatis
699 377 845 423 cum
890 356 980 420 eis
1024 377 1189 439 quae
1235 357 1307 420 in
1353 357 1680 423 codicibus
1723 356 1989 423 Sallusti
2033 359 2275 442 scripta
2318 359 2547 443 legun-

262 464 400 539 tur,
465 461 712 525 nullum
758 460 969 524 locum
1015 461 1410 543 invenimus,
1478 461 1636 544 quin
1684 459 1766 525 Vi
1813 461 2129 545 scriptura
2174 484 2290 546 per
2333 464 2548 526 imita-

263 569 439 630 tores
495 566 642 629 illos
701 565 1213 631 confirmaretur.
1303 565 1602 650 Optimos
1657 587 1808 629 vero
1873 565 2138 633 Sallusti
2206 567 2407 632 libros
2466 566 2545 630 ad

262 692 527 737 manum
572 670 653 735 iis
697 669 891 734 fuisse
938 668 1016 734 de
1044 668 1359 754 Septimio
1385 670 1613 734 saltem
1654 670 2088 737 illustrissimo
2107 670 2547 736 demonstrare

266 796 602 857 possumus
643 774 956 857 exemplo.

1217 940 1354 1004 Cat.
1402 941 1507 1015 49,
1553 941 1588 1002 1
1601 990 1614 1003 .

442 1105 733 1190 Scriptor
774 1107 888 1171 ubi
928 1107 1218 1169 narravit
1241 1125 1405 1187 quae
1451 1105 1896 1186 conjuratione
1919 1104 2239 1170 Catilinae
2284 1106 2542 1171 detecta

272 1209 344 1273 in
409 1213 638 1275 senatu
693 1213 837 1273 acta
899 1210 1114 1272 essent
1158 1206 1486 1270 Ciceronis
1552 1207 1833 1270 consulis
1891 1209 2110 1273 laudes
2169 1208 2273 1272 his
2317 1209 2548 1273 inserit

271 1314 503 1393 verbis,
551 1314 770 1397 qualia
813 1314 883 1376 in
929 1312 1189 1396 optimis
1247 1311 1428 1374 libris
1489 1309 1591 1393 (P.
1630 1308 1728 1396 C.)
1785 1311 2110 1395 leguntur,
2167 1312 2550 1396 quibuscum

271 1417 623 1481 deteriores
681 1434 940 1498 prorsus
998 1414 1447 1493 consentiunt,
1521 1413 1644 1478 nisi
1709 1413 1880 1497 quod
1938 1416 2134 1478 trium
2197 1415 2550 1481 substanti-

272 1541 523 1602 vorum,
567 1540 731 1602 quae
774 1519 1009 1583 iterata
1050 1519 1369 1603 particula
1417 1539 1702 1600 »neque«
1752 1539 1867 1601 per
1901 1518 2372 1602 polysyndeton
2402 1540 2553 1583 con-

268 1625 649 1709 junguntur,
695 1623 981 1686 ordinem
1026 1625 1564 1687 immutaverunt:

450 1725 603 1790 »Set
666 1726 900 1791 eisdem
963 1726 1363 1810 temporibus
1418 1724 1492 1799 Q.
1556 1724 1822 1788 Catulus
1890 1728 1955 1788 et
2017 1723 2086 1788 C.
2137 1725 2282 1791 Piso
2341 1714 2550 1811 neque

276 1833 573 1917 precibus
628 1851 837 1914 neque
894 1831 1106 1915 gratia
1149 1852 1355 1914 neque
1401 1830 1620 1914 precio
1666 1829 2037 1897 Ciceronem
2081 1830 2393 1915 inpellere
2438 1855 2553 1917 po-

273 1940 488 2024 tuere„
549 1936 645 1998 uti
707 1956 822 2017 per
866 1933 1251 2018 Allobroges
1307 1936 1421 1995 aut
1479 1953 1596 2016 per
1639 1932 1837 1996 alium
1881 1933 2158 1996 indicem
2204 1933 2269 1997 C.
2319 1932 2552 1999 Caesar

275 2038 439 2102 falso
486 2038 991 2101 nominaretur.«

449 2140 597 2205 Jam
641 2162 843 2204 unum
891 2161 971 2205 ex
1013 2140 1223 2203 tribus
1267 2140 1396 2203 illis
1440 2139 1859 2205 substantivis
1907 2140 2265 2223 »precibus,
2320 2143 2551 2224 gratia,

281 2245 534 2331 precio»
600 2246 865 2330 propter
923 2245 1334 2307 immutatum
1394 2244 1462 2307 in
1508 2244 1835 2308 codicibus
1877 2243 2161 2306 ordinem
2212 2243 2554 2309 verborum

275 2350 677 2436 glossematis
721 2349 1147 2432 suspicionem
1190 2370 1447 2413 movere
1472 2347 1842 2413 Dietschius
1886 2349 1954 2411 in
1995 2350 2336 2412 comment.
2378 2371 2438 2432 p.
2470 2350 2551 2412 65

274 2454 626 2519 rectissime
685 2452 1033 2536 judicavit3
1123 2451 1292 2516 idem
1374 2453 1449 2515 ut
1532 2451 1910 2535 »precibus«
1978 2451 2236 2534 ejiceret
2311 2451 2555 2516 duabus

275 2559 603 2642 permotus
644 2558 742 2620 est
781 2556 1004 2620 causis.
1092 2554 1314 2639 Neque
1360 2555 1534 2620 enim
1580 2555 1811 2638 effugit
1849 2554 2055 2618 virum
2086 2554 2545 2635 doctissimum,

276 2662 445 2743 quod
510 2661 835 2744 ›gratiae‹
901 2660 1041 2743 ipsa
1100 2679 1254 2723 voce
1316 2659 1694 2742 »precibus«
1759 2657 2207 2735 contine-ntur,
2266 2662 2335 2723 et
2392 2660 2548 2723 satis

273 2761 492 2825 multis
569 2762 925 2826 illustravit
991 2761 1302 2847 exemplis
1369 2761 1747 2827 Sallustium
1812 2761 1973 2825 illud
2048 2762 2337 2846 »gratia«
2417 2784 2551 2827 non

271 2864 658 2948 conjungere
718 2865 921 2930 solere
982 2866 1106 2930 nisi
1151 2888 1297 2930 cum
1346 2866 1767 2930 substantivis
1828 2866 2192 2950 »precium«
2242 2868 2355 2930 aut
2402 2888 2554 2950 »pe-

270 2967 501 3031 cunia«
558 2966 673 3031 cfr.
722 2967 859 3032 Cat.
908 2969 1012 3046 52,
1061 2970 1164 3049 23,
1226 2968 1526 3065 Jug316,
1577 2975 1634 3035 1.
1727 2969 1845 3049 27„
1880 2973 1939 3032 2.
2033 2969 2135 3047 29,
2186 2971 2248 3032 3.
2337 2970 2442 3047 35,
2490 2973 2552 3032 8.

270 3070 500 3154 Neque
580 3074 820 3136 temere
886 3093 1032 3135 eum
1097 3072 1309 3136 locum
1376 3075 1729 3139 correxisse
1797 3073 1979 3136 testis
2048 3074 2114 3135 et
2177 3071 2548 3158 SeptimiuS,

269 3175 453 3259 cujus
496 3175 712 3239 locum

614 3279 648 3344 Ι
713 3279 810 3367 18,
862 3300 1018 3362 »per
1083 3279 1252 3344 idem
1329 3282 1583 3362 tempus
1647 3279 1879 3364 Lycius
1942 3281 2274 3367 Sarpedon
2345 3304 2550 3366 neque

614 3383 825 3468 pretio
870 3403 1079 3465 neque
1123 3384 1332 3466 gratia
1375 3382 1691 3463 Phalidis,
1755 3383 2162 3453 Sidoniorum
2201 3387 2390 3470 regis,
2450 3387 2552 3451 in-

609 3487 718 3553 lici
764 3486 989 3571 quivit,
1040 3488 1135 3551 uti
1183 3488 1553 3552 societatem
1597 3489 1863 3553 militiae
1911 3492 2167 3555 nostrae
2212 3491 2547 3556 adversum

609 3591 923 3676 Trojanos
966 3595 1385 3675 sequeretur«

255 3699 395 3775 jam
441 3694 667 3758 attulit
705 3692 1214 3761 Wiedemannus
1260 3697 1331 3760 in
1376 3695 1610 3765 Philol.
1660 3698 1782 3762 vol.
1831 3631 1986 3765 XIX
2030 3721 2092 3782 p.
2122 3698 2245 3762 155
2292 3710 2359 3762 et
2399 3697 2547 3763 Jor-

258 3798 465 3862 danus
530 3798 599 3862 in
664 3798 943 3864 editione
1018 3821 1133 3864 sua
1209 3800 1422 3864 denuo
1498 3803 1898 3885 perscripsit.
2010 3800 2126 3866 Cui
2194 3801 2543 3867 imitationi

258 3904 502 3966 certum
548 3901 861 3967 Prisciani
903 3902 962 3966 X
1005 3927 1066 3988 p.
1118 3903 1244 3971 539
1290 3902 1547 3989 (Hertz)
1592 3904 1835 3970 accedit
1892 3905 2339 3970 testimonium
2389 3907 2537 3972 »sed

254 4026 462 4087 neque
508 4007 720 4090 pretio
768 4028 975 4089 neque
1022 4008 1230 4089 gratia
1273 4007 1499 4091 inpelli
1546 4007 1820 4090 quivit«.
1912 4006 2213 4081 Quicum
2245 4007 2326 4073 ad
2347 4030 2534 4072 usum

252 4107 526 4193 perfecti
572 4110 831 4192 »quivi«
864 4110 1433 4174 demonstrandum
1464 4111 1679 4176 locum
1704 4109 1968 4175 Sallusti
1994 4111 2318 4190 adtulerit,
2366 4109 2537 4193 quod

250 4213 463 4279 facere
526 4214 586 4278 ei
646 4234 777 4281 non
841 4214 1153 4291 licuisset,
1217 4214 1271 4277 si
1327 4215 1396 4278 in
1459 4236 1574 4279 suo
1618 4215 1787 4279 libro
1837 4218 2181 4300 »potuere«
2229 4213 2544 4297 scriptum

252 4316 540 4399 legisset,
604 4337 875 4400 cumque
918 4316 1241 4383 Mercerus
1299 4318 1411 4400 qui
1475 4316 1886 4402 ephemerida
1945 4317 2197 4400 Dictyis
2251 4314 2453 4380 edidit
2507 4336 2541 4379 e

2060 4426 2093 4478 5
