<?xml version="1.0" encoding="UTF-8"?>
<!DOCTYPE html PUBLIC "-//W3C//DTD XHTML 1.0 Transitional//EN"
    "http://www.w3.org/TR/xhtml1/DTD/xhtml1-transitional.dtd">
<html xmlns="http://www.w3.org/1999/xhtml" xml:lang="en" lang="en">
 <head>
  <title>
</title>
<meta http-equiv="Content-Type" content="text/html;charset=utf-8" />
  <meta name='ocr-system' content='tesseract 3.04.00' />
  <meta name='ocr-capabilities' content='ocr_page ocr_carea ocr_par ocr_line ocrx_word'/>
</head>
<body>
  <div class='ocr_page' id='page_1' title='image "./quaestionessall01pratgoog_0070.png"; bbox 0 0 3000 4792; ppageno 0'>
   <div class='ocr_carea' id='block_1_1' title="bbox 391 228 2675 503">
    <p class='ocr_par' dir='ltr' id='par_1_1' title="bbox 391 228 2675 503">
     <span class='ocr_line' id='line_1_1' title="bbox 1496 228 1580 293; baseline -0.012 0"><span class='ocrx_word' id='word_1_1' title='bbox 1496 228 1580 293; x_wconf 89' lang='grc'><strong>66</strong></span> 
     </span>
     <span class='ocr_line' id='line_1_2' title="bbox 391 354 2675 503; baseline -0.001 -38"><span class='ocrx_word' id='word_1_2' title='bbox 391 390 507 465; x_wconf 57' lang='grc' dir='ltr'><strong>εἰσί.</strong></span> <span class='ocrx_word' id='word_1_3' title='bbox 610 398 776 463; x_wconf 85' lang='lat' dir='ltr'><strong>Aliis</strong></span> <span class='ocrx_word' id='word_1_4' title='bbox 841 420 992 464; x_wconf 86' lang='lat' dir='ltr'><strong>vero</strong></span> <span class='ocrx_word' id='word_1_5' title='bbox 1056 400 1221 471; x_wconf 66' lang='lat' dir='ltr'><strong>locis</strong></span> <span class='ocrx_word' id='word_1_6' title='bbox 1234 450 1249 480; x_wconf 90' lang='lat'>‚</span> <span class='ocrx_word' id='word_1_7' title='bbox 1333 354 1571 484; x_wconf 64' lang='lat' dir='ltr'><strong>quibus</strong></span> <span class='ocrx_word' id='word_1_8' title='bbox 1640 401 1813 464; x_wconf 86' lang='lat' dir='ltr'><strong>inter</strong></span> <span class='ocrx_word' id='word_1_9' title='bbox 1874 399 2310 503; x_wconf 80' lang='lat' dir='ltr'><strong>discrepantes</strong></span> <span class='ocrx_word' id='word_1_10' title='bbox 2383 403 2675 473; x_wconf 72' lang='lat' dir='ltr'><strong>codicum</strong></span> 
     </span>
    </p>
   </div>
   <div class='ocr_carea' id='block_1_2' title="bbox 392 470 2812 592">
    <p class='ocr_par' dir='ltr' id='par_1_2' title="bbox 392 470 2812 592">
     <span class='ocr_line' id='line_1_3' title="bbox 392 470 2812 592; baseline 0.003 -25"><span class='ocrx_word' id='word_1_11' title='bbox 392 504 739 589; x_wconf 81' lang='lat' dir='ltr'><strong>scripturas</strong></span> <span class='ocrx_word' id='word_1_12' title='bbox 818 503 1297 587; x_wconf 76' lang='lat' dir='ltr'><strong>dijudicandum</strong></span> <span class='ocrx_word' id='word_1_13' title='bbox 1364 507 1505 569; x_wconf 86' lang='lat' dir='ltr'><strong>erat</strong></span> <span class='ocrx_word' id='word_1_14' title='bbox 1523 551 1539 580; x_wconf 87' lang='lat'>,</span> <span class='ocrx_word' id='word_1_15' title='bbox 1620 524 1762 568; x_wconf 84' lang='lat' dir='ltr'><strong>eam</strong></span> <span class='ocrx_word' id='word_1_16' title='bbox 1828 503 2107 586; x_wconf 82' lang='lat' dir='ltr'>amplexi</span> <span class='ocrx_word' id='word_1_17' title='bbox 2190 525 2408 571; x_wconf 86' lang='lat' dir='ltr'><strong>sumus</strong></span> <span class='ocrx_word' id='word_1_18' title='bbox 2427 555 2443 584; x_wconf 87' lang='lat'>,</span> <span class='ocrx_word' id='word_1_19' title='bbox 2512 530 2676 592; x_wconf 89' lang='lat' dir='ltr'><strong>quae</strong></span> <span class='ocrx_word' id='word_1_20' title='bbox 2761 470 2812 581; x_wconf 38' lang='grc' dir='ltr'><strong>,ἑ</strong></span> 
     </span>
    </p>
   </div>
   <div class='ocr_carea' id='block_1_3' title="bbox 392 606 2687 2262">
    <p class='ocr_par' dir='ltr' id='par_1_3' title="bbox 392 606 2684 1845">
     <span class='ocr_line' id='line_1_4' title="bbox 392 606 2673 689; baseline 0.003 -16"><span class='ocrx_word' id='word_1_21' title='bbox 392 607 826 673; x_wconf 76' lang='lat' dir='ltr'><strong>imitatoribus</strong></span> <span class='ocrx_word' id='word_1_22' title='bbox 906 609 1160 675; x_wconf 85' lang='lat' dir='ltr'><strong>collatis</strong></span> <span class='ocrx_word' id='word_1_23' title='bbox 1242 629 1394 673; x_wconf 81' lang='lat' dir='ltr'><strong>vera</strong></span> <span class='ocrx_word' id='word_1_24' title='bbox 1479 606 1749 673; x_wconf 85' lang='lat' dir='ltr'><strong>Sallusti</strong></span> <span class='ocrx_word' id='word_1_25' title='bbox 1820 628 2047 673; x_wconf 83' lang='lat' dir='ltr'><strong>manus</strong></span> <span class='ocrx_word' id='word_1_26' title='bbox 2128 629 2264 673; x_wconf 89' lang='lat' dir='ltr'><strong>esse</strong></span> <span class='ocrx_word' id='word_1_27' title='bbox 2326 612 2673 689; x_wconf 69' lang='lat' dir='ltr'><strong>videretur,</strong></span> 
     </span>
     <span class='ocr_line' id='line_1_5' title="bbox 397 706 2678 796; baseline 0.003 -20"><span class='ocrx_word' id='word_1_28' title='bbox 397 706 534 776; x_wconf 88' lang='lat' dir='ltr'><strong>Nec</strong></span> <span class='ocrx_word' id='word_1_29' title='bbox 592 711 937 777; x_wconf 78' lang='lat' dir='ltr'><strong>defuerunt</strong></span> <span class='ocrx_word' id='word_1_30' title='bbox 995 714 1151 792; x_wconf 89' lang='lat' dir='ltr'><strong>loci,</strong></span> <span class='ocrx_word' id='word_1_31' title='bbox 1212 713 1293 778; x_wconf 87' lang='lat' dir='ltr'><strong>ad</strong></span> <span class='ocrx_word' id='word_1_32' title='bbox 1338 732 1500 796; x_wconf 91' lang='lat' dir='ltr'><strong>quos</strong></span> <span class='ocrx_word' id='word_1_33' title='bbox 1545 711 1897 789; x_wconf 87' lang='lat' dir='ltr'><strong>sanandos,</strong></span> <span class='ocrx_word' id='word_1_34' title='bbox 1955 732 2101 776; x_wconf 90' lang='lat' dir='ltr'><strong>cum</strong></span> <span class='ocrx_word' id='word_1_35' title='bbox 2146 734 2179 777; x_wconf 90' lang='lat' dir='ltr'><strong>e</strong></span> <span class='ocrx_word' id='word_1_36' title='bbox 2229 714 2413 779; x_wconf 81' lang='lat' dir='ltr'><strong>libris</strong></span> <span class='ocrx_word' id='word_1_37' title='bbox 2445 712 2678 782; x_wconf 58' lang='lat' dir='ltr'><strong>manu-ff-</strong></span> 
     </span>
     <span class='ocr_line' id='line_1_6' title="bbox 395 814 2677 902; baseline 0.001 -19"><span class='ocrx_word' id='word_1_38' title='bbox 395 818 649 901; x_wconf 88' lang='lat' dir='ltr'><strong>scriptis</strong></span> <span class='ocrx_word' id='word_1_39' title='bbox 691 816 858 881; x_wconf 88' lang='lat' dir='ltr'><strong>nihil</strong></span> <span class='ocrx_word' id='word_1_40' title='bbox 900 817 1257 883; x_wconf 88' lang='lat' dir='ltr'><strong>redundare</strong></span> <span class='ocrx_word' id='word_1_41' title='bbox 1285 817 1822 902; x_wconf 86' lang='lat' dir='ltr'><strong>intelligeremus,</strong></span> <span class='ocrx_word' id='word_1_42' title='bbox 1871 814 2254 900; x_wconf 74' lang='lat' dir='ltr'><strong>Septimium</strong></span> <span class='ocrx_word' id='word_1_43' title='bbox 2285 822 2352 882; x_wconf 88' lang='lat' dir='ltr'><strong>et</strong></span> <span class='ocrx_word' id='word_1_44' title='bbox 2375 818 2677 886; x_wconf 78' lang='lat' dir='ltr'><strong>Severum</strong></span> 
     </span>
     <span class='ocr_line' id='line_1_7' title="bbox 397 920 2678 1006; baseline 0.001 -19"><span class='ocrx_word' id='word_1_45' title='bbox 397 940 714 1003; x_wconf 82' lang='lat' dir='ltr'><strong>arcessere</strong></span> <span class='ocrx_word' id='word_1_46' title='bbox 769 921 1178 988; x_wconf 81' lang='lat' dir='ltr'><strong>debuerimus</strong></span> <span class='ocrx_word' id='word_1_47' title='bbox 1200 969 1216 1000; x_wconf 92' lang='lat'>‚</span> <span class='ocrx_word' id='word_1_48' title='bbox 1283 922 1520 1006; x_wconf 89' lang='lat' dir='ltr'><strong>quibus</strong></span> <span class='ocrx_word' id='word_1_49' title='bbox 1582 920 1892 987; x_wconf 81' lang='lat' dir='ltr'><strong>adhibitis</strong></span> <span class='ocrx_word' id='word_1_50' title='bbox 1935 940 2402 1004; x_wconf 77' lang='lat' dir='ltr'><strong>nonnunquam</strong></span> <span class='ocrx_word' id='word_1_51' title='bbox 2467 926 2678 1003; x_wconf 90' lang='lat' dir='ltr'><strong>etiam,</strong></span> 
     </span>
     <span class='ocr_line' id='line_1_8' title="bbox 397 1026 2680 1111; baseline 0.002 -20"><span class='ocrx_word' id='word_1_52' title='bbox 397 1030 616 1092; x_wconf 87' lang='lat' dir='ltr'><strong>utrum</strong></span> <span class='ocrx_word' id='word_1_53' title='bbox 661 1028 857 1093; x_wconf 81' lang='lat' dir='ltr'><strong>verba</strong></span> <span class='ocrx_word' id='word_1_54' title='bbox 923 1028 1174 1111; x_wconf 83' lang='lat' dir='ltr'><strong>aliquot</strong></span> <span class='ocrx_word' id='word_1_55' title='bbox 1214 1027 1482 1092; x_wconf 70' lang='lat' dir='ltr'><strong>delendr</strong></span> <span class='ocrx_word' id='word_1_56' title='bbox 1532 1029 1749 1093; x_wconf 90' lang='lat' dir='ltr'><strong>essent</strong></span> <span class='ocrx_word' id='word_1_57' title='bbox 1811 1047 1896 1099; x_wconf 61' lang='lat' dir='ltr'><strong>aa</strong></span> <span class='ocrx_word' id='word_1_58' title='bbox 1940 1026 2279 1091; x_wconf 83' lang='lat' dir='ltr'><strong>retinenda</strong></span> <span class='ocrx_word' id='word_1_59' title='bbox 2294 1077 2310 1107; x_wconf 87' lang='lat'>‚</span> <span class='ocrx_word' id='word_1_60' title='bbox 2367 1029 2680 1111; x_wconf 88' lang='lat' dir='ltr'><strong>judicium</strong></span> 
     </span>
     <span class='ocr_line' id='line_1_9' title="bbox 397 1128 2679 1226; baseline 0.002 -29"><span class='ocrx_word' id='word_1_61' title='bbox 397 1132 666 1198; x_wconf 80' lang='lat' dir='ltr'><strong>fecimus</strong></span> <span class='ocrx_word' id='word_1_62' title='bbox 710 1132 848 1226; x_wconf 57' lang='lat' dir='ltr'><strong>cfr.¹</strong></span> <span class='ocrx_word' id='word_1_63' title='bbox 874 1131 1010 1196; x_wconf 85' lang='lat' dir='ltr'><strong>Cat.</strong></span> <span class='ocrx_word' id='word_1_64' title='bbox 1048 1132 1154 1210; x_wconf 84' lang='lat'><strong>49,</strong></span> <span class='ocrx_word' id='word_1_65' title='bbox 1186 1135 1215 1195; x_wconf 93' lang='lat'>1</span> <span class='ocrx_word' id='word_1_66' title='bbox 1265 1131 1669 1217; x_wconf 80' lang='lat' dir='ltr'><strong>»precibus«,</strong></span> <span class='ocrx_word' id='word_1_67' title='bbox 1715 1128 1854 1196; x_wconf 85' lang='lat' dir='ltr'><strong>Cat.</strong></span> <span class='ocrx_word' id='word_1_68' title='bbox 1882 1130 1987 1209; x_wconf 82' lang='lat'><strong>55,</strong></span> <span class='ocrx_word' id='word_1_69' title='bbox 2027 1131 2067 1195; x_wconf 84' lang='lat'><strong>5</strong></span> <span class='ocrx_word' id='word_1_70' title='bbox 2115 1132 2442 1199; x_wconf 79' lang='lat' dir='ltr'><strong>»vindices</strong></span> <span class='ocrx_word' id='word_1_71' title='bbox 2466 1155 2679 1200; x_wconf 85' lang='lat' dir='ltr'><strong>rerum</strong></span> 
     </span>
     <span class='ocr_line' id='line_1_10' title="bbox 400 1234 2681 1322; baseline 0.001 -20"><span class='ocrx_word' id='word_1_72' title='bbox 400 1238 836 1322; x_wconf 81' lang='lat' dir='ltr'><strong>capitalium«.</strong></span> <span class='ocrx_word' id='word_1_73' title='bbox 922 1235 1075 1322; x_wconf 84' lang='lat' dir='ltr'><strong>Jug.</strong></span> <span class='ocrx_word' id='word_1_74' title='bbox 1106 1237 1250 1314; x_wconf 91' lang='grc'>106,</span> <span class='ocrx_word' id='word_1_75' title='bbox 1298 1238 1338 1301; x_wconf 84' lang='grc'>2</span> <span class='ocrx_word' id='word_1_76' title='bbox 1386 1258 1733 1322; x_wconf 76' lang='lat' dir='ltr'><strong>»pavens«.</strong></span> <span class='ocrx_word' id='word_1_77' title='bbox 1822 1234 1990 1311; x_wconf 70' lang='lat' dir='ltr'><strong>Quid</strong></span> <span class='ocrx_word' id='word_1_78' title='bbox 2025 1238 2197 1321; x_wconf 85' lang='lat' dir='ltr'><strong>quod</strong></span> <span class='ocrx_word' id='word_1_79' title='bbox 2231 1238 2387 1302; x_wconf 91' lang='lat' dir='ltr'><strong>duos</strong></span> <span class='ocrx_word' id='word_1_80' title='bbox 2415 1238 2681 1305; x_wconf 84' lang='lat' dir='ltr'><strong>Sallusti</strong></span> 
     </span>
     <span class='ocr_line' id='line_1_11' title="bbox 400 1341 2679 1428; baseline 0.001 -22"><span class='ocrx_word' id='word_1_81' title='bbox 400 1343 576 1406; x_wconf 91' lang='lat' dir='ltr'><strong>locos</strong></span> <span class='ocrx_word' id='word_1_82' title='bbox 621 1341 787 1427; x_wconf 74' lang='lat' dir='ltr'><strong>(cat.</strong></span> <span class='ocrx_word' id='word_1_83' title='bbox 834 1343 938 1420; x_wconf 87' lang='grc'><strong>49,</strong></span> <span class='ocrx_word' id='word_1_84' title='bbox 993 1346 1022 1406; x_wconf 95' lang='grc'><strong>1</strong></span> <span class='ocrx_word' id='word_1_85' title='bbox 1090 1344 1456 1426; x_wconf 78' lang='lat' dir='ltr'><strong>»quivere«.</strong></span> <span class='ocrx_word' id='word_1_86' title='bbox 1545 1342 1699 1428; x_wconf 83' lang='lat' dir='ltr'><strong>Jug.</strong></span> <span class='ocrx_word' id='word_1_87' title='bbox 1744 1343 1846 1420; x_wconf 83' lang='lat'><strong>85,</strong></span> <span class='ocrx_word' id='word_1_88' title='bbox 1910 1342 1993 1406; x_wconf 87' lang='grc'><strong>47</strong></span> <span class='ocrx_word' id='word_1_89' title='bbox 2059 1344 2533 1427; x_wconf 77' lang='lat' dir='ltr'><strong>»consolator«)</strong></span> <span class='ocrx_word' id='word_1_90' title='bbox 2574 1345 2679 1408; x_wconf 82' lang='lat' dir='ltr'><strong>vel</strong></span> 
     </span>
     <span class='ocr_line' id='line_1_12' title="bbox 402 1445 2676 1512; baseline 0 -1"><span class='ocrx_word' id='word_1_91' title='bbox 402 1447 629 1511; x_wconf 89' lang='lat' dir='ltr'><strong>contra</strong></span> <span class='ocrx_word' id='word_1_92' title='bbox 687 1468 909 1511; x_wconf 92' lang='lat' dir='ltr'><strong>omnes</strong></span> <span class='ocrx_word' id='word_1_93' title='bbox 972 1446 1173 1510; x_wconf 89' lang='lat' dir='ltr'><strong>libros</strong></span> <span class='ocrx_word' id='word_1_94' title='bbox 1236 1466 1315 1512; x_wconf 82' lang='lat' dir='ltr'><strong>ex</strong></span> <span class='ocrx_word' id='word_1_95' title='bbox 1357 1445 1796 1511; x_wconf 83' lang='lat' dir='ltr'><strong>imitatoribus</strong></span> <span class='ocrx_word' id='word_1_96' title='bbox 1844 1446 2121 1511; x_wconf 88' lang='lat' dir='ltr'><strong>edendos</strong></span> <span class='ocrx_word' id='word_1_97' title='bbox 2165 1468 2299 1511; x_wconf 90' lang='lat' dir='ltr'><strong>esse</strong></span> <span class='ocrx_word' id='word_1_98' title='bbox 2345 1447 2676 1512; x_wconf 86' lang='lat' dir='ltr'><strong>ostendere</strong></span> 
     </span>
     <span class='ocr_line' id='line_1_13' title="bbox 403 1550 2681 1637; baseline 0 -21"><span class='ocrx_word' id='word_1_99' title='bbox 403 1551 620 1616; x_wconf 89' lang='lat' dir='ltr'><strong>conati</strong></span> <span class='ocrx_word' id='word_1_100' title='bbox 708 1573 943 1616; x_wconf 89' lang='lat' dir='ltr'><strong>sumus.</strong></span> <span class='ocrx_word' id='word_1_101' title='bbox 1070 1550 1402 1616; x_wconf 91' lang='lat' dir='ltr'><strong>Postremo</strong></span> <span class='ocrx_word' id='word_1_102' title='bbox 1487 1551 1682 1615; x_wconf 89' lang='lat' dir='ltr'><strong>semel</strong></span> <span class='ocrx_word' id='word_1_103' title='bbox 1755 1550 1930 1635; x_wconf 85' lang='lat' dir='ltr'><strong>(Jug.</strong></span> <span class='ocrx_word' id='word_1_104' title='bbox 2000 1550 2081 1614; x_wconf 85' lang='lat'><strong>&#39;72</strong></span> <span class='ocrx_word' id='word_1_105' title='bbox 2100 1599 2116 1627; x_wconf 90' lang='lat'><strong>‚</strong></span> <span class='ocrx_word' id='word_1_106' title='bbox 2197 1550 2265 1637; x_wconf 84' lang='lat'><strong>2)</strong></span> <span class='ocrx_word' id='word_1_107' title='bbox 2347 1551 2681 1617; x_wconf 89' lang='lat' dir='ltr'><strong>Diomedis</strong></span> 
     </span>
     <span class='ocr_line' id='line_1_14' title="bbox 404 1654 2684 1742; baseline 0 -22"><span class='ocrx_word' id='word_1_108' title='bbox 404 1657 809 1742; x_wconf 84' lang='lat' dir='ltr'><strong>grammatici</strong></span> <span class='ocrx_word' id='word_1_109' title='bbox 831 1656 1291 1734; x_wconf 88' lang='lat' dir='ltr'><strong>testimonium,</strong></span> <span class='ocrx_word' id='word_1_110' title='bbox 1319 1676 1448 1740; x_wconf 90' lang='lat' dir='ltr'><strong>quo</strong></span> <span class='ocrx_word' id='word_1_111' title='bbox 1467 1655 1758 1719; x_wconf 90' lang='lat' dir='ltr'><strong>codicum</strong></span> <span class='ocrx_word' id='word_1_112' title='bbox 1777 1654 2314 1720; x_wconf 85' lang='lat' dir='ltr'><strong>Sallustianorum</strong></span> <span class='ocrx_word' id='word_1_113' title='bbox 2332 1657 2684 1721; x_wconf 85' lang='lat' dir='ltr'><strong>auctoritas</strong></span> 
     </span>
     <span class='ocr_line' id='line_1_15' title="bbox 403 1759 2449 1845; baseline -0.001 -18"><span class='ocrx_word' id='word_1_114' title='bbox 403 1762 693 1842; x_wconf 85' lang='lat' dir='ltr'><strong>tollatur,</strong></span> <span class='ocrx_word' id='word_1_115' title='bbox 738 1760 1078 1845; x_wconf 86' lang='lat' dir='ltr'><strong>indignum</strong></span> <span class='ocrx_word' id='word_1_116' title='bbox 1122 1782 1254 1826; x_wconf 86' lang='lat' dir='ltr'><strong>esse</strong></span> <span class='ocrx_word' id='word_1_117' title='bbox 1298 1782 1375 1825; x_wconf 85' lang='lat' dir='ltr'><strong>ex</strong></span> <span class='ocrx_word' id='word_1_118' title='bbox 1421 1760 1783 1826; x_wconf 89' lang='lat' dir='ltr'><strong>imitatione</strong></span> <span class='ocrx_word' id='word_1_119' title='bbox 1827 1759 2048 1826; x_wconf 84' lang='lat' dir='ltr'><strong>Severi</strong></span> <span class='ocrx_word' id='word_1_120' title='bbox 2091 1762 2449 1826; x_wconf 87' lang='lat' dir='ltr'><strong>statuimus.</strong></span> 
     </span>
    </p>

    <p class='ocr_par' dir='ltr' id='par_1_4' title="bbox 407 1862 2687 2262">
     <span class='ocr_line' id='line_1_16' title="bbox 577 1862 2680 1949; baseline -0.002 -20"><span class='ocrx_word' id='word_1_121' title='bbox 577 1864 752 1941; x_wconf 84' lang='lat' dir='ltr'><strong>Quae</strong></span> <span class='ocrx_word' id='word_1_122' title='bbox 796 1886 940 1930; x_wconf 89' lang='lat' dir='ltr'><strong>cum</strong></span> <span class='ocrx_word' id='word_1_123' title='bbox 984 1867 1078 1928; x_wconf 88' lang='lat' dir='ltr'><strong>ita</strong></span> <span class='ocrx_word' id='word_1_124' title='bbox 1099 1865 1251 1943; x_wconf 83' lang='lat' dir='ltr'><strong>sint,</strong></span> <span class='ocrx_word' id='word_1_125' title='bbox 1299 1865 1551 1930; x_wconf 89' lang='lat' dir='ltr'><strong>etiamsi</strong></span> <span class='ocrx_word' id='word_1_126' title='bbox 1583 1866 1711 1929; x_wconf 87' lang='lat' dir='ltr'><strong>toti</strong></span> <span class='ocrx_word' id='word_1_127' title='bbox 1742 1864 2103 1949; x_wconf 78' lang='lat' dir='ltr'><strong>quaestioni</strong></span> <span class='ocrx_word' id='word_1_128' title='bbox 2136 1865 2401 1929; x_wconf 89' lang='lat' dir='ltr'><strong>minime</strong></span> <span class='ocrx_word' id='word_1_129' title='bbox 2424 1885 2461 1928; x_wconf 89' lang='lat' dir='ltr'><strong>a</strong></span> <span class='ocrx_word' id='word_1_130' title='bbox 2490 1862 2680 1927; x_wconf 89' lang='lat' dir='ltr'><strong>nobis</strong></span> 
     </span>
     <span class='ocr_line' id='line_1_17' title="bbox 407 1967 2682 2055; baseline -0.003 -19"><span class='ocrx_word' id='word_1_131' title='bbox 407 1969 806 2037; x_wconf 82' lang='lat' dir='ltr'><strong>satisfactum</strong></span> <span class='ocrx_word' id='word_1_132' title='bbox 831 1991 965 2035; x_wconf 89' lang='lat' dir='ltr'><strong>esse</strong></span> <span class='ocrx_word' id='word_1_133' title='bbox 1009 1991 1140 2034; x_wconf 89' lang='lat' dir='ltr'><strong>non</strong></span> <span class='ocrx_word' id='word_1_134' title='bbox 1184 1970 1579 2055; x_wconf 84' lang='lat' dir='ltr'><strong>ignoramus,</strong></span> <span class='ocrx_word' id='word_1_135' title='bbox 1625 1971 1862 2046; x_wconf 87' lang='lat' dir='ltr'><strong>tamen,</strong></span> <span class='ocrx_word' id='word_1_136' title='bbox 1891 1970 2207 2052; x_wconf 90' lang='lat' dir='ltr'><strong>quantum</strong></span> <span class='ocrx_word' id='word_1_137' title='bbox 2231 1969 2491 2053; x_wconf 90' lang='lat' dir='ltr'><strong>quidem</strong></span> <span class='ocrx_word' id='word_1_138' title='bbox 2509 1967 2682 2031; x_wconf 89' lang='lat' dir='ltr'><strong>intra</strong></span> 
     </span>
     <span class='ocr_line' id='line_1_18' title="bbox 407 2071 2683 2161; baseline -0.002 -20"><span class='ocrx_word' id='word_1_139' title='bbox 407 2078 565 2142; x_wconf 89' lang='lat' dir='ltr'><strong>fines</strong></span> <span class='ocrx_word' id='word_1_140' title='bbox 609 2076 761 2141; x_wconf 90' lang='lat' dir='ltr'><strong>huic</strong></span> <span class='ocrx_word' id='word_1_141' title='bbox 806 2076 1231 2161; x_wconf 85' lang='lat' dir='ltr'><strong>disputationi</strong></span> <span class='ocrx_word' id='word_1_142' title='bbox 1275 2075 1663 2139; x_wconf 88' lang='lat' dir='ltr'><strong>constitutos</strong></span> <span class='ocrx_word' id='word_1_143' title='bbox 1705 2073 1850 2138; x_wconf 87' lang='lat' dir='ltr'><strong>fieri</strong></span> <span class='ocrx_word' id='word_1_144' title='bbox 1893 2074 2127 2158; x_wconf 87' lang='lat' dir='ltr'><strong>potuit,</strong></span> <span class='ocrx_word' id='word_1_145' title='bbox 2177 2071 2251 2137; x_wconf 92' lang='lat' dir='ltr'><strong>L.</strong></span> <span class='ocrx_word' id='word_1_146' title='bbox 2297 2071 2683 2157; x_wconf 89' lang='lat' dir='ltr'><strong>Septimium</strong></span> 
     </span>
     <span class='ocr_line' id='line_1_19' title="bbox 409 2177 2687 2262; baseline -0.003 -16"><span class='ocrx_word' id='word_1_147' title='bbox 409 2189 474 2246; x_wconf 88' lang='lat' dir='ltr'><strong>et</strong></span> <span class='ocrx_word' id='word_1_148' title='bbox 515 2180 579 2246; x_wconf 89' lang='lat' dir='ltr'><strong>S.</strong></span> <span class='ocrx_word' id='word_1_149' title='bbox 604 2178 929 2262; x_wconf 83' lang='lat' dir='ltr'><strong>Severum,</strong></span> <span class='ocrx_word' id='word_1_150' title='bbox 973 2180 1284 2246; x_wconf 90' lang='lat' dir='ltr'><strong>sermonis</strong></span> <span class='ocrx_word' id='word_1_151' title='bbox 1307 2179 1685 2245; x_wconf 83' lang='lat' dir='ltr'><strong>Sallustiani</strong></span> <span class='ocrx_word' id='word_1_152' title='bbox 1728 2178 2257 2262; x_wconf 86' lang='lat' dir='ltr'><strong>diligentissimos</strong></span> <span class='ocrx_word' id='word_1_153' title='bbox 2301 2177 2687 2256; x_wconf 84' lang='lat' dir='ltr'><strong>imitatores,</strong></span> 
     </span>
    </p>
   </div>
   <div class='ocr_carea' id='block_1_4' title="bbox 410 2282 2686 2455">
    <p class='ocr_par' dir='ltr' id='par_1_5' title="bbox 410 2282 2686 2455">
     <span class='ocr_line' id='line_1_20' title="bbox 410 2282 2686 2370; baseline -0.002 -19"><span class='ocrx_word' id='word_1_154' title='bbox 410 2287 489 2351; x_wconf 88' lang='lat' dir='ltr'><strong>ad</strong></span> <span class='ocrx_word' id='word_1_155' title='bbox 533 2307 795 2350; x_wconf 84' lang='lat' dir='ltr'><strong>manum</strong></span> <span class='ocrx_word' id='word_1_156' title='bbox 839 2286 1041 2370; x_wconf 89' lang='lat' dir='ltr'><strong>ipsius</strong></span> <span class='ocrx_word' id='word_1_157' title='bbox 1085 2284 1353 2350; x_wconf 88' lang='lat' dir='ltr'><strong>Sallusti</strong></span> <span class='ocrx_word' id='word_1_158' title='bbox 1411 2283 1871 2369; x_wconf 85' lang='lat' dir='ltr'><strong>expediendam</strong></span> <span class='ocrx_word' id='word_1_159' title='bbox 1915 2282 2073 2347; x_wconf 90' lang='lat' dir='ltr'><strong>haut</strong></span> <span class='ocrx_word' id='word_1_160' title='bbox 2116 2282 2505 2367; x_wconf 89' lang='lat' dir='ltr'><strong>spernendos</strong></span> <span class='ocrx_word' id='word_1_161' title='bbox 2549 2302 2686 2347; x_wconf 89' lang='lat' dir='ltr'><strong>esse</strong></span> 
     </span>
     <span class='ocr_line' id='line_1_21' title="bbox 410 2391 1450 2455; baseline -0.002 0"><span class='ocrx_word' id='word_1_162' title='bbox 410 2391 872 2455; x_wconf 89' lang='lat' dir='ltr'><strong>demonstrasse</strong></span> <span class='ocrx_word' id='word_1_163' title='bbox 917 2391 1102 2454; x_wconf 90' lang='lat' dir='ltr'><strong>nobis</strong></span> <span class='ocrx_word' id='word_1_164' title='bbox 1144 2391 1450 2455; x_wconf 84' lang='lat' dir='ltr'><strong>videmur.</strong></span> 
     </span>
    </p>
   </div>
   <div class='ocr_carea' id='block_1_5' title="bbox 1343 2619 1754 2629">
    <p class='ocr_par' dir='ltr' id='par_1_6' title="bbox 1343 2619 1754 2629">
     <span class='ocr_line' id='line_1_22' title="bbox 1343 2619 1754 2629; baseline 0 -1"><span class='ocrx_word' id='word_1_165' title='bbox 1343 2619 1754 2629; x_wconf 44' lang='grc' dir='ltr'><strong>ψ*-</strong></span> 
     </span>
    </p>
   </div>
   <div class='ocr_carea' id='block_1_6' title="bbox 1042 2859 2061 2926">
    <p class='ocr_par' dir='ltr' id='par_1_7' title="bbox 1042 2859 2061 2926">
     <span class='ocr_line' id='line_1_23' title="bbox 1042 2859 2061 2926; baseline -0.003 -3"><span class='ocrx_word' id='word_1_166' title='bbox 1042 2859 1243 2926; x_wconf 82' lang='lat' dir='ltr'><strong>Index</strong></span> <span class='ocrx_word' id='word_1_167' title='bbox 1283 2859 1575 2924; x_wconf 83' lang='lat' dir='ltr'><strong>locorum</strong></span> <span class='ocrx_word' id='word_1_168' title='bbox 1616 2859 2061 2923; x_wconf 78' lang='lat' dir='ltr'><strong>tractatorum.</strong></span> 
     </span>
    </p>
   </div>
   <div class='ocr_carea' id='block_1_7' title="bbox 488 3049 2633 3752">
    <p class='ocr_par' dir='ltr' id='par_1_8' title="bbox 1384 3049 2633 3108">
     <span class='ocr_line' id='line_1_24' title="bbox 1384 3049 2633 3108; baseline -0.006 -18"><span class='ocrx_word' id='word_1_169' title='bbox 1384 3049 1483 3090; x_wconf 72' lang='lat' dir='ltr'>1²⁸ss-</span> <span class='ocrx_word' id='word_1_170' title='bbox 2160 3101 2168 3108; x_wconf 38' lang='lat'>.</span> <span class='ocrx_word' id='word_1_171' title='bbox 2531 3052 2633 3094; x_wconf 74' lang='lat' dir='ltr'><strong>pag.</strong></span> 
     </span>
    </p>

    <p class='ocr_par' dir='ltr' id='par_1_9' title="bbox 488 3110 2620 3255">
     <span class='ocr_line' id='line_1_25' title="bbox 488 3110 2619 3182; baseline -0.003 -5"><span class='ocrx_word' id='word_1_172' title='bbox 488 3122 606 3178; x_wconf 85' lang='lat' dir='ltr'><strong>Cat.</strong></span> <span class='ocrx_word' id='word_1_173' title='bbox 677 3120 728 3179; x_wconf 83' lang='lat'><strong>2,</strong></span> <span class='ocrx_word' id='word_1_174' title='bbox 765 3120 800 3171; x_wconf 85' lang='lat'>9</span> <span class='ocrx_word' id='word_1_175' title='bbox 876 3149 1321 3169; x_wconf 87' lang='grc'><strong>.........</strong></span> <span class='ocrx_word' id='word_1_176' title='bbox 1393 3110 1461 3165; x_wconf 87' lang='grc'>51</span> <span class='ocrx_word' id='word_1_177' title='bbox 1629 3111 1760 3182; x_wconf 79' lang='lat' dir='ltr'><strong>Jug.</strong></span> <span class='ocrx_word' id='word_1_178' title='bbox 1834 3112 1921 3180; x_wconf 83' lang='grc'><strong>32,</strong></span> <span class='ocrx_word' id='word_1_179' title='bbox 1962 3113 1989 3163; x_wconf 90' lang='grc'>1</span> <span class='ocrx_word' id='word_1_180' title='bbox 2036 3149 2473 3165; x_wconf 87' lang='grc'><strong>.........</strong></span> <span class='ocrx_word' id='word_1_181' title='bbox 2546 3116 2619 3171; x_wconf 83' lang='grc'>59</span> 
     </span>
     <span class='ocr_line' id='line_1_26' title="bbox 683 3181 2620 3255; baseline -0.003 -14"><span class='ocrx_word' id='word_1_182' title='bbox 683 3189 735 3255; x_wconf 91' lang='grc'><strong>5,</strong></span> <span class='ocrx_word' id='word_1_183' title='bbox 772 3190 805 3241; x_wconf 94' lang='grc'>2</span> <span class='ocrx_word' id='word_1_184' title='bbox 879 3223 1326 3240; x_wconf 88' lang='grc'><strong>.........</strong></span> <span class='ocrx_word' id='word_1_185' title='bbox 1399 3185 1468 3237; x_wconf 93' lang='grc'><strong>52</strong></span> <span class='ocrx_word' id='word_1_186' title='bbox 1828 3185 1915 3244; x_wconf 83' lang='grc'><strong>39,</strong></span> <span class='ocrx_word' id='word_1_187' title='bbox 1955 3181 1987 3234; x_wconf 88' lang='grc'>5</span> <span class='ocrx_word' id='word_1_188' title='bbox 2032 3220 2475 3239; x_wconf 88' lang='grc'><strong>..........</strong></span> <span class='ocrx_word' id='word_1_189' title='bbox 2548 3188 2620 3242; x_wconf 84' lang='grc'>58</span> 
     </span>
    </p>

    <p class='ocr_par' dir='ltr' id='par_1_10' title="bbox 643 3255 2623 3330">
     <span class='ocr_line' id='line_1_27' title="bbox 643 3255 2623 3330; baseline -0.003 -15"><span class='ocrx_word' id='word_1_190' title='bbox 643 3263 730 3330; x_wconf 92' lang='grc'><strong>20,</strong></span> <span class='ocrx_word' id='word_1_191' title='bbox 767 3260 802 3313; x_wconf 90' lang='grc'>6</span> <span class='ocrx_word' id='word_1_192' title='bbox 881 3294 1323 3312; x_wconf 90' lang='grc'><strong>.........</strong></span> <span class='ocrx_word' id='word_1_193' title='bbox 1395 3257 1466 3308; x_wconf 82' lang='grc'>42</span> <span class='ocrx_word' id='word_1_194' title='bbox 1830 3256 1918 3316; x_wconf 91' lang='grc'><strong>42,</strong></span> <span class='ocrx_word' id='word_1_195' title='bbox 1951 3255 1987 3307; x_wconf 87' lang='grc'>4</span> <span class='ocrx_word' id='word_1_196' title='bbox 2028 3291 2473 3310; x_wconf 86' lang='grc'><strong>.........</strong></span> <span class='ocrx_word' id='word_1_197' title='bbox 2547 3261 2623 3314; x_wconf 88' lang='grc'><strong>60</strong></span> 
     </span>
    </p>

    <p class='ocr_par' dir='ltr' id='par_1_11' title="bbox 646 3326 2622 3400">
     <span class='ocr_line' id='line_1_28' title="bbox 646 3326 2622 3400; baseline -0.002 -15"><span class='ocrx_word' id='word_1_198' title='bbox 646 3334 734 3400; x_wconf 87' lang='grc'><strong>28,</strong></span> <span class='ocrx_word' id='word_1_199' title='bbox 771 3334 803 3385; x_wconf 82' lang='grc'>2</span> <span class='ocrx_word' id='word_1_200' title='bbox 882 3365 1325 3383; x_wconf 92' lang='grc'><strong>.........</strong></span> <span class='ocrx_word' id='word_1_201' title='bbox 1398 3326 1472 3380; x_wconf 89' lang='grc'>50</span> <span class='ocrx_word' id='word_1_202' title='bbox 1829 3327 1921 3389; x_wconf 91' lang='grc'><strong>47,</strong></span> <span class='ocrx_word' id='word_1_203' title='bbox 1960 3327 2101 3379; x_wconf 81' lang='lat'><strong>1-2</strong></span> <span class='ocrx_word' id='word_1_204' title='bbox 2140 3362 2474 3380; x_wconf 89' lang='grc'><strong>.......</strong></span> <span class='ocrx_word' id='word_1_205' title='bbox 2548 3330 2622 3382; x_wconf 90' lang='grc'>60</span> 
     </span>
    </p>

    <p class='ocr_par' dir='ltr' id='par_1_12' title="bbox 644 3396 2618 3470">
     <span class='ocr_line' id='line_1_29' title="bbox 644 3396 2618 3470; baseline -0.003 -12"><span class='ocrx_word' id='word_1_206' title='bbox 644 3407 733 3470; x_wconf 83' lang='grc'><strong>36,</strong></span> <span class='ocrx_word' id='word_1_207' title='bbox 770 3405 803 3456; x_wconf 91' lang='grc'>5</span> <span class='ocrx_word' id='word_1_208' title='bbox 879 3438 1326 3455; x_wconf 91' lang='grc'><strong>.........</strong></span> <span class='ocrx_word' id='word_1_209' title='bbox 1400 3399 1471 3451; x_wconf 92' lang='grc'><strong>52</strong></span> <span class='ocrx_word' id='word_1_210' title='bbox 1832 3397 1920 3459; x_wconf 88' lang='lat'><strong>55,</strong></span> <span class='ocrx_word' id='word_1_211' title='bbox 1955 3396 1992 3450; x_wconf 85' lang='lat'><strong>4</strong></span> <span class='ocrx_word' id='word_1_212' title='bbox 2037 3435 2474 3451; x_wconf 86' lang='lat'><strong>.........</strong></span> <span class='ocrx_word' id='word_1_213' title='bbox 2545 3401 2618 3453; x_wconf 87' lang='grc'><strong>62</strong></span> 
     </span>
    </p>

    <p class='ocr_par' dir='ltr' id='par_1_13' title="bbox 645 3470 2621 3540">
     <span class='ocr_line' id='line_1_30' title="bbox 645 3470 2621 3540; baseline -0.003 -11"><span class='ocrx_word' id='word_1_214' title='bbox 645 3477 734 3540; x_wconf 85' lang='grc'><strong>49,</strong></span> <span class='ocrx_word' id='word_1_215' title='bbox 774 3475 800 3527; x_wconf 88' lang='lat'>1</span> <span class='ocrx_word' id='word_1_216' title='bbox 878 3510 1326 3527; x_wconf 86' lang='grc'><strong>.........</strong></span> <span class='ocrx_word' id='word_1_217' title='bbox 1397 3471 1470 3524; x_wconf 86' lang='grc'><strong>49</strong></span> <span class='ocrx_word' id='word_1_218' title='bbox 1833 3470 1922 3537; x_wconf 90' lang='grc'><strong>72,</strong></span> <span class='ocrx_word' id='word_1_219' title='bbox 1959 3472 1991 3522; x_wconf 89' lang='grc'>2</span> <span class='ocrx_word' id='word_1_220' title='bbox 2040 3505 2475 3524; x_wconf 91' lang='grc'><strong>.........</strong></span> <span class='ocrx_word' id='word_1_221' title='bbox 2548 3471 2621 3524; x_wconf 81' lang='grc'>68</span> 
     </span>
    </p>

    <p class='ocr_par' dir='ltr' id='par_1_14' title="bbox 652 3541 2619 3608">
     <span class='ocr_line' id='line_1_31' title="bbox 652 3541 2619 3608; baseline -0.003 -7"><span class='ocrx_word' id='word_1_222' title='bbox 652 3549 725 3601; x_wconf 89' lang='grc'>54</span> <span class='ocrx_word' id='word_1_223' title='bbox 777 3545 812 3597; x_wconf 97' lang='grc'>5</span> <span class='ocrx_word' id='word_1_224' title='bbox 888 3581 1330 3597; x_wconf 91' lang='grc'><strong>.........</strong></span> <span class='ocrx_word' id='word_1_225' title='bbox 1402 3541 1472 3593; x_wconf 82' lang='grc'>53</span> <span class='ocrx_word' id='word_1_226' title='bbox 1833 3542 1922 3608; x_wconf 87' lang='lat'><strong>85,</strong></span> <span class='ocrx_word' id='word_1_227' title='bbox 1959 3544 2031 3594; x_wconf 90' lang='grc'>26</span> <span class='ocrx_word' id='word_1_228' title='bbox 2093 3578 2474 3594; x_wconf 90' lang='grc'><strong>........</strong></span> <span class='ocrx_word' id='word_1_229' title='bbox 2547 3544 2619 3598; x_wconf 82' lang='grc'><strong>47</strong></span> 
     </span>
    </p>

    <p class='ocr_par' dir='ltr' id='par_1_15' title="bbox 650 3611 2622 3678">
     <span class='ocr_line' id='line_1_32' title="bbox 650 3611 2622 3678; baseline -0.001 -6"><span class='ocrx_word' id='word_1_230' title='bbox 650 3619 720 3672; x_wconf 86' lang='grc'><strong>55</strong></span> <span class='ocrx_word' id='word_1_231' title='bbox 777 3618 916 3671; x_wconf 86' lang='grc'>1-6</span> <span class='ocrx_word' id='word_1_232' title='bbox 1006 3651 1329 3668; x_wconf 91' lang='grc'><strong>.......</strong></span> <span class='ocrx_word' id='word_1_233' title='bbox 1403 3612 1474 3666; x_wconf 85' lang='grc'>54</span> <span class='ocrx_word' id='word_1_234' title='bbox 1834 3611 1923 3678; x_wconf 88' lang='grc'><strong>85,</strong></span> <span class='ocrx_word' id='word_1_235' title='bbox 1960 3612 2029 3665; x_wconf 84' lang='grc'><strong>33</strong></span> <span class='ocrx_word' id='word_1_236' title='bbox 2097 3648 2478 3667; x_wconf 85' lang='grc'><strong>........</strong></span> <span class='ocrx_word' id='word_1_237' title='bbox 2551 3616 2622 3670; x_wconf 89' lang='grc'><strong>48</strong></span> 
     </span>
    </p>

    <p class='ocr_par' dir='ltr' id='par_1_16' title="bbox 492 3683 2626 3752">
     <span class='ocr_line' id='line_1_33' title="bbox 492 3683 2626 3752; baseline -0.002 -6"><span class='ocrx_word' id='word_1_238' title='bbox 492 3696 565 3752; x_wconf 82' lang='lat' dir='ltr'><strong>Ju</strong></span> <span class='ocrx_word' id='word_1_239' title='bbox 658 3692 726 3745; x_wconf 89' lang='grc'><strong>10</strong></span> <span class='ocrx_word' id='word_1_240' title='bbox 780 3691 808 3742; x_wconf 91' lang='lat'>1</span> <span class='ocrx_word' id='word_1_241' title='bbox 888 3721 1332 3741; x_wconf 87' lang='grc'><strong>.........</strong></span> <span class='ocrx_word' id='word_1_242' title='bbox 1403 3683 1474 3738; x_wconf 90' lang='grc'><strong>56</strong></span> <span class='ocrx_word' id='word_1_243' title='bbox 1835 3684 1905 3738; x_wconf 90' lang='grc'>85</span> <span class='ocrx_word' id='word_1_244' title='bbox 1963 3684 2033 3737; x_wconf 88' lang='grc'><strong>47</strong></span> <span class='ocrx_word' id='word_1_245' title='bbox 2093 3721 2482 3739; x_wconf 88' lang='grc'><strong>........</strong></span> <span class='ocrx_word' id='word_1_246' title='bbox 2553 3689 2626 3741; x_wconf 88' lang='grc'>64</span> 
     </span>
    </p>
   </div>
   <div class='ocr_carea' id='block_1_8' title="bbox 2772 0 2984 3903">
    <p class='ocr_par' dir='ltr' id='par_1_17' title="bbox 2772 0 2984 3903">
     <span class='ocr_line' id='line_1_34' title="bbox 2772 0 2984 3903; baseline 0 0"><span class='ocrx_word' id='word_1_247' title='bbox 2772 0 2984 3903; x_wconf 95' lang='lat' dir='ltr'><strong> </strong></span> 
     </span>
    </p>
   </div>
  </div>
 </body>
</html>
