3000 4792
1437 224 1521 290 55

305 396 480 461 varie
538 396 606 460 et
648 394 947 478 corrupte
992 393 1232 458 tradita
1291 397 1474 470 sunt;
1537 392 1668 457 Pus
1709 394 1881 459 enim
1925 394 2185 459 exhibet
2233 394 2586 459 »Lentulus

308 501 375 564 et
416 498 734 574 indices‹;
804 519 957 583 »per
992 497 1278 582 judices«
1330 497 1473 575 {Um
1538 519 1694 582 »per
1736 497 2056 564 vindices«
2107 497 2229 574 ὥς
2296 498 2586 583 plerique

308 604 542 667 omissa
585 602 1061 687 praepositione
1109 602 1492 668 »vindices«.
1582 600 1627 666 J
1628 623 1732 665 am
1756 621 1907 667 cum
1930 602 2011 666 ad
2032 624 2294 667 manum
2317 600 2584 667 Sallusti

309 705 769 791 expediendam
836 727 870 770 e
930 704 1255 770 codicibus
1316 706 1477 771 nihil
1543 707 1732 771 nobis
1797 707 2017 771 veniat
2081 706 2338 785 auxilii,
2409 709 2580 771 recte

309 809 677 875 Dietschius
719 831 795 894 p.·
834 808 914 874 71
961 808 1160 873 verba
1222 810 1546 876 »vindices
1591 831 1805 874 rerum
1862 810 2279 895 capitalium«
2325 809 2585 890 delevit,

307 914 684 997 praesertim
726 934 871 977 cum
911 934 1045 978 non
1088 935 1307 979 eorum
1353 914 1566 992 fuerit,
1628 915 1739 979 sed
1784 915 2196 995 cornificum‚
2243 915 2580 979 damnatos

308 1037 503 1081 manu
546 1020 914 1102 percutere,
959 1018 1157 1082 verba
1201 1020 1425 1083 autem
1475 1019 1750 1103 »quibus
1795 1022 2211 1105 praeceptum
2264 1020 2465 1096 erat«,
2530 1019 2586 1082 si

309 1121 390 1186 ad
432 1121 715 1187 vindices
776 1142 995 1185 rerum
1052 1123 1426 1204 capitalium
1486 1122 1873 1203 referuntur,
1942 1146 2206 1209 prorsus
2269 1122 2589 1208 superflue

311 1225 643 1291 addantur.
762 1222 1005 1288 Contra
1070 1225 1400 1308 aptissime
1485 1226 1817 1291 cornifices
1891 1250 2008 1310 per
2072 1226 2583 1312 euphemismum

315 1330 591 1412 »quibus
658 1327 1070 1410 praeceptum
1138 1330 1317 1391 erat«
1378 1328 1697 1412 appellari
1758 1350 1997 1414 negare
2039 1352 2171 1395 non
2232 1352 2586 1416 possumus.

312 1430 490 1507 Quae
544 1429 850 1513 loquendi
906 1429 1074 1493 ratio
1134 1452 1248 1515 per
1293 1430 1676 1516 Septimium
1734 1430 2105 1497 defenditur
2122 1481 2138 1512 ‚
2208 1435 2320 1516 qui
2363 1434 2590 1499 iisdem

310 1536 446 1601 fere
493 1533 702 1599 verbis
744 1533 1100 1617 subjectum
1145 1556 1260 1618 per
1304 1535 1619 1599 ambitum
1666 1536 1966 1600 enuntiat

658 1637 719 1704 V
761 1639 802 1702 4
849 1638 1126 1722 »quibus
1170 1639 1562 1723 imperatum
1598 1642 1738 1704 erat
1781 1640 1862 1705 ad
1904 1660 2100 1707 naves
2145 1641 2475 1705 veniunt«.

485 1743 693 1809 Verba
735 1744 936 1829 igitur
985 1743 1304 1809 »vindices
1334 1765 1552 1809 rerum
1587 1745 2000 1828 capitalium«
2028 1766 2066 1808 a
2086 1747 2591 1810 commentatore

312 1847 593 1934 quodam
631 1849 701 1913 in
745 1849 1028 1932 margine
1072 1847 1395 1932 adscripta
1437 1849 1510 1913 in
1553 1851 1801 1913 textum
1843 1833 2175 1934 irrepsisse
2230 1851 2298 1913 et
2341 1848 2589 1927 deinde,

312 1975 459 2020 cum
516 1973 706 2017 sensu
767 1973 1026 2036 prorsus
1083 1953 1410 2030 carerent,
1479 1951 1563 2016 ab
1620 1951 1764 2016 aliis
1807 1951 1934 2014 alia
1978 1951 2232 2018 ratione
2277 1953 2401 2017 toti
2447 1953 2590 2017 loco

315 2054 724 2122 accomodata
768 2076 903 2120 esse
944 2054 1360 2140 suspicamur.
1460 2062 1530 2133 s)

487 2158 569 2223 In
628 2159 709 2223 iis
774 2161 985 2223 autem
1005 2206 1021 2237 ‚
1090 2181 1295 2243 quaest
1312 2158 1706 2223 antecedunt
1788 2179 1992 2242 »quae
2058 2159 2139 2223 ad
2203 2159 2591 2244 subplicium

318 2262 726 2347 postulabat«
774 2267 848 2327 ut
892 2283 1039 2327 cum
1081 2261 1411 2328 Dietsshio
1457 2262 1933 2327 consentiamus
1978 2263 2360 2346 persuadere
2403 2262 2593 2329 nobis

316 2387 450 2432 non
507 2386 862 2451 possumus.
951 2363 1122 2430 Nam
1186 2365 1439 2432 etiamsi
1497 2366 1741 2448 majore
1785 2364 1865 2430 Pi
1928 2368 1996 2430 et
2038 2364 2118 2430 Pi
2139 2365 2163 2404 ¹
2204 2368 2589 2434 auctoritate

315 2474 391 2535 ut
448 2471 990 2556 praepositionem
1040 2470 1199 2535 »ad«
1270 2471 1499 2536 ceteris
1544 2471 1871 2536 codicibus
1890 2518 1906 2549 ,
1968 2471 2082 2555 qui
2126 2492 2267 2537 eam
2309 2493 2445 2538 non
2485 2493 2595 2538 ex·-

312 2575 564 2656 hibent,
609 2574 1003 2661 posthabitis
1043 2575 1434 2640 retineamus
1464 2575 1812 2660 efflagitari
1839 2575 2110 2655 videtur,
2152 2579 2373 2642 tamen
2401 2578 2596 2642 omis-

318 2701 454 2744 sam
512 2679 1058 2764 praepositionem
1116 2680 1568 2744 consuetudini
1631 2678 2063 2745 Sallustianae
2129 2680 2375 2764 optime
2440 2702 2597 2745 con-

316 2783 537 2848 venire
595 2784 678 2848 ab
732 2785 876 2869 ipso
920 2782 1252 2849 Dietschio
1296 2785 1638 2869 permultis
1678 2784 2077 2850 illustratum
2121 2787 2221 2849 est
2263 2786 2591 2871 exemplis.

317 2884 521 2962 Quem
576 2909 915 2953 numerum
975 2909 1055 2953 ex
1109 2890 1388 2972 utroque
1430 2889 1759 2953 imitatore
1802 2908 2042 2973 augere
2086 2908 2423 2973 possumus
2468 2887 2589 2954 cfr.

317 2990 400 3056 D.
444 2989 546 3070 Cr.
591 2991 660 3056 H
711 2992 795 3056 35
839 3013 944 3056 res
985 2991 1314 3076 postulare
1356 2990 1633 3057 videtur.
1720 2989 1815 3055 IV
1865 2991 1947 3054 13
2000 2991 2101 3054 uti
2145 3010 2247 3054 res
2290 3010 2593 3076 exposce-

316 3095 452 3159 bat.
538 3094 602 3160 V
644 3095 687 3158 4
747 3115 911 3178 quae
967 3095 1224 3178 tempus
1281 3093 1609 3158 monebat.
1696 3091 1728 3156 Ι
1771 3092 1815 3157 4
1870 3113 2036 3175 quae
2092 3094 2347 3176 tempus
2389 3095 2595 3178 patie-

317 3200 529 3264 batur.
613 3196 682 3262 ΙΙ
710 3196 791 3261 41
842 3217 1006 3281 quae
1047 3198 1304 3281 tempus
1347 3196 1508 3260 anni
1539 3193 1931 3280 patiebatur.
2018 3192 2081 3259 S.
2108 3192 2253 3259 Sev.
2283 3193 2349 3261 C.
2375 3195 2443 3262 II
2465 3196 2527 3279 2,
2552 3200 2595 3261 4

313 3325 416 3369 res
479 3301 784 3387 postulat.
874 3298 942 3366 C.
987 3299 1056 3365 II
1100 3300 1204 3380 28,
1250 3300 1290 3364 2
1352 3319 1454 3364 res
1497 3296 1904 3364 admonebat.
1991 3295 2036 3362 J
2035 3318 2142 3363 am
2194 3319 2339 3364 cum
2383 3298 2598 3386 Septi-

316 3408 483 3472 mius
526 3407 593 3472 in
640 3405 862 3472 eadem
906 3404 1172 3490 periodo

662 3508 725 3575 V
745 3510 790 3574 4
836 3511 949 3573 »at
989 3508 1152 3574 lucis
1192 3507 1383 3573 initio
1430 3506 1665 3592 quibus
1708 3504 2096 3591 imperatum
2127 3509 2269 3573 erat
2290 3508 2371 3574 ad
2393 3529 2591 3574 naves

661 3613 961 3692 veniunt,
1025 3611 1355 3678 decretum
1412 3609 1649 3678 civium
1706 3611 1955 3675 cunctis
2007 3616 2309 3677 narrant:
2372 3612 2593 3695 itaque
2689 3670 2714 3693 ‚t

665 3737 809 3782 cum
850 3717 994 3800 quis
1035 3719 1226 3781 antea
1267 3714 1350 3779 ad
1383 3714 1847 3795 confirmanda,
1883 3736 2058 3798 ..quae
2089 3718 2346 3800 tempus
2376 3737 2594 3781 mone·

661 3822 795 3900 bat,
842 3822 1183 3887 secedunt«

316 3947 515 4013 genus
561 3923 817 3991 dicendi
858 3922 1320 3989 Sallustianum
1375 3921 1669 3986 imitatus
1714 3923 1782 3986 et
1822 3922 1999 3987 dicat
2047 3942 2249 4005 »quae
2294 3923 2590 4009 tempus«

318 4030 626 4096 monebat
690 4029 755 4093 et
827 4027 1101 4111 »quibus
1158 4028 1547 4112 imperatum
1610 4027 1788 4090 erat«
1808 4073 1824 4104 ‚
1891 4024 2066 4090 hunc
2126 4029 2339 4110 ipsum
2400 4049 2592 4111 quem

319 4137 669 4200 tractamus
694 4131 961 4199 Sallusti
1004 4132 1215 4198 locum
1238 4132 1311 4196 in
1339 4133 1484 4196 tota
1506 4129 1771 4215 periodo
1801 4128 2262 4195 conformanda
2285 4131 2597 4196 imitatori

317 4239 725 4306 obversatum
767 4236 960 4302 fuisse
1003 4237 1365 4302 statuimus.
1458 4233 1642 4308 Quod
1688 4233 1742 4297 si
1765 4233 1861 4297 ita
1894 4234 2012 4313 est,
2057 4233 2594 4317 praepositionem

320 4344 476 4408 ›ad‹
518 4343 664 4427 jure
707 4344 931 4408 nostro
977 4342 1285 4407 delevisse
1332 4338 1521 4405 nobis
1564 4332 1875 4403 videmur.
