3000 4792
1465 211 1507 273 8

340 391 646 457 -Tacitum
686 412 719 454 e
762 386 1065 453 Sallustio
1110 384 1442 451 emendare
1487 382 1774 447 videmus
1817 380 1885 443 in
1916 377 2162 475 *PhiloL
2211 378 2336 441 vol.
2370 375 2609 456 XXVI,

353 521 415 583 p.
479 497 597 561 127
662 516 836 577 sequ.
902 495 969 557 et
1025 489 1413 574 Benaysium
1475 488 1587 571 qui
1646 487 1717 550 in
1772 483 1935 549 Mus.
1992 483 2199 548 Rhen.
2260 483 2387 549 vol.
2432 483 2607 567 XVI,

352 626 416 687 p.
464 602 625 680 317,
685 598 987 663 Severum
1048 597 1206 660 locis
1251 591 1656 658 Sallustianis
1721 589 2026 655 adhibitis
2083 611 2306 655 sanare
2349 592 2618 654 conatus

353 705 468 769 est.
577 702 669 768 At
747 704 972 767 contra
1037 702 1291 786 praeter
1349 695 1843 760 Wiedemanum
1926 691 2067 779 (cfr.
2135 693 2373 759 Philol.
2443 694 2615 776 XIX,

350 832 412 893 p.
451 809 816 892 154—155)
859 828 1046 871 nemo
1090 806 1159 868 ni
1201 804 1393 868 fallor
1422 802 1686 894 exstitit,
1734 801 1845 885 qui
1881 801 2271 865 contrariam
2298 803 2615 866 rationem

346 914 675 998 ingressus
709 915 882 978 vitiis
926 913 1036 988 eiS,
1084 910 1316 994 quibus
1360 908 1497 993 ipse
1543 909 1840 992 aegrotat
1870 905 2228 987 Sallustius,
2276 907 2620 972 imitatori-

350 1016 471 1081 bus
496 1021 823 1103 tamquam
869 1017 1130 1081 medicis
1156 1014 1474 1079 arcessitis
1522 1012 1765 1077 mederi
1792 1012 2165 1077 instituerit.
2256 1010 2431 1085 Quae
2472 1032 2617 1076 cum

346 1122 442 1193 ita
487 1125 636 1199 sint,
682 1123 971 1206 quamvis
1015 1121 1192 1184 intra
1236 1119 1445 1203 prima
1487 1139 1607 1180 nos
1653 1120 1934 1181 staturos
1975 1115 2164 1180 init-ia
2207 1137 2415 1205 neque
2448 1116 2615 1182 vires

347 1226 443 1289 rei
510 1225 938 1309 magnitudini
1001 1224 1377 1288 suffecturas
1435 1223 1598 1287 bene
1664 1221 2170 1298 meminerimuS,
2239 1223 2495 1302 tamen,
2558 1222 2614 1286 si

346 1331 781 1414 quaestionem
826 1330 894 1393 in
926 1328 999 1393 L.
1027 1328 1338 1414 Septimio
1384 1329 1450 1391 et
1480 1325 1765 1411 Sulpicio
1808 1325 2040 1391 Severo
2085 1327 2611 1406 continuerimuS,

345 1431 479 1498 fore
539 1454 895 1517 speramus,
956 1435 1030 1496 ut
1087 1454 1204 1517 pro
1263 1430 1437 1496 virili
1493 1430 1751 1513 quidem
1806 1430 2103 1513 portione
2147 1430 2226 1494 ad
2269 1453 2407 1495 rem
2450 1430 2615 1496 diffi-

345 1536 630 1601 ciliorem
690 1528 1144 1620 expediendam
1189 1533 1610 1599 conferamus
1702 1530 1839 1607 Quo
1884 1533 1953 1596 in
2000 1530 2263 1618 negotio
2310 1536 2613 1618 quoniam

343 1640 669 1721 interest„
710 1661 829 1704 nos
884 1641 1252 1704 universum
1309 1639 1597 1702 locorum
1640 1635 2178 1701 Sallustianorum
2242 1646 2403 1721 q‘uos
2469 1639 2615 1702 imi-

342 1746 582 1809 tatores
623 1744 771 1808 illos
815 1747 965 1808 ante
1004 1744 1224 1809 oculos
1250 1742 1549 1807 habuisse
1577 1741 1888 1825 suspicari
1917 1762 2251 1824 possumus
2278 1763 2615 1807 numerum

341 1869 726 1933 cognoscere
784 1852 977 1932 atque
1034 1849 1104 1912 in
1149 1869 1279 1911 uno
1324 1847 1673 1931 conspectu
1717 1845 1996 1930 positum
2044 1845 2461 1930 perlustrare,
2519 1847 2613 1919 ita

341 1977 478 2020 rem
543 1956 986 2033 instituemus,
1049 1957 1123 2019 ut
1183 1954 1428 2018 cunctis
1476 1954 1744 2019 Sallusti
1803 1955 1990 2034 locis,
2053 1977 2327 2038 quorum
2373 1957 2611 2021 similes

339 2060 510 2145 apud
568 2062 924 2126 imitatores
982 2063 1419 2146 reperiuntur,
1476 2061 1545 2124 in
1603 2061 1811 2144 prima
1864 2082 2114 2144 quaque
2175 2062 2417 2145 pagina
2460 2083 2613 2126 con-

339 2165 622 2250 scriptis,
683 2166 754 2231 in
812 2167 1088 2231 secunda
1131 2166 1454 2250 Septimii,
1522 2167 1593 2229 in
1654 2166 1851 2231 tertia
1896 2165 2114 2230 Severi
2161 2169 2612 2252 consignemus

336 2270 746 2336 imitationes.
835 2272 1167 2354 Ceterum,
1257 2294 1643 2356 quamquam
1704 2273 1839 2355 jam
1908 2269 2197 2357 Gortium
2268 2275 2610 2356 utrumque

335 2374 726 2453 imitatorem
748 2399 1200 2462 saepenumero
1225 2380 1593 2462 respexisse,
1622 2376 2047 2460 Bernaysium
2077 2378 2146 2440 in
2177 2376 2608 2461 disputatione

335 2500 451 2543 sua
496 2502 688 2564 quam
734 2503 926 2567 supra
967 2482 1365 2574 laudavimus
1393 2481 1640 2567 (annot.
1666 2482 1775 2565 50)
1802 2480 2103 2546 Severum
2134 2503 2278 2544 cum
2307 2480 2609 2545 Sallustio

337 2586 702 2662 contulisse,
752 2585 955 2650 multo
1002 2586 1216 2670 plures
1258 2586 1433 2649 locos
1479 2583 1903 2649 Sallustianos
1948 2587 2015 2650 et
2058 2585 2493 2650 Dederichum
2537 2587 2608 2651 in
2691 2600 2713 2615 ·

336 2688 616 2752 editione
684 2687 979 2772 Septimii
1043 2711 1105 2772 p.
1178 2688 1523 2751 241-378
1596 2690 1662 2752 et
1726 2687 2100 2753 Meisterum
2164 2711 2225 2772 p.
2293 2689 2608 2756 VIII—X

332 2791 660 2873 collegisse
717 2813 848 2854 non
905 2791 1314 2874 ignorabam,
1375 2797 1628 2869 tamen,
1694 2794 1845 2876 quia
1889 2793 2094 2856 multa
2148 2795 2342 2858 etiam
2386 2794 2468 2858 ab
2517 2796 2607 2861 eis

335 2896 567 2959 omissa
621 2915 752 2958 esse
796 2895 1109 2972 videbam,
1175 2917 1309 2959 non
1370 2897 1624 2979 peperci
1671 2895 1877 2959 labori
1923 2919 2084 2974 meo,
2145 2899 2302 2981 quin
2347 2902 2610 2965 cunctos

333 3000 536 3076 locos,
601 3000 835 3082 quibus
892 2999 1144 3083 singula
1188 3022 1349 3087 quae
1397 3000 1737 3065 Sallustius
1783 3003 2118 3086 usurpavit
2160 3004 2383 3082 verba,
2449 3008 2607 3089 quot

334 3103 590 3188 quidem
647 3103 718 3167 in
775 3103 984 3168 indice
1027 3104 1442 3168 Dietschiano
1489 3104 1725 3169 collata
1769 3108 1951 3185 sunt,
2008 3109 2205 3171 etiam
2249 3110 2419 3193 apud
2462 3112 2606 3175 imi-

331 3211 573 3273 tatores
616 3210 1045 3293 reperiuntur,
1090 3210 1573 3295 perscriberem,
1619 3209 2026 3296 perfectoque
2050 3215 2311 3298 negotio
2340 3216 2606 3280 molesto

331 3313 651 3397 taediique
699 3313 910 3397 plen0‚
956 3335 1101 3377 cum
1146 3315 1356 3379 denuo
1389 3315 1764 3379 Sallustium
1807 3318 2175 3395 tractarem,
2221 3319 2291 3382 in
2335 3320 2608 3402 singulis

333 3417 469 3500 ejus
514 3417 761 3494 verbis,
830 3439 1049 3481 nonne
1113 3419 1310 3482 simili
1369 3423 1675 3484 contextu
1739 3421 1821 3485 ab
1886 3422 2323 3486 imitatoribus
2393 3422 2605 3504 posita

332 3522 577 3600 essent,
656 3524 1108 3605 perscrutarer.
1214 3522 1409 3606 Cujus
1475 3523 1749 3601 laboris,
1831 3526 1885 3587 si
1952 3526 2231 3608 contigit
2298 3525 2462 3589 mihi
2529 3528 2605 3589 ut

331 3647 665 3691 numerum
731 3625 1174 3711 exemplorum
1238 3648 1576 3712 augerem,
1661 3628 1817 3692 satis
1883 3648 2185 3713 magnum
2243 3632 2602 3717 percepisse

330 3731 491 3796 mihi
534 3730 755 3796 videor
797 3730 1101 3796 fructum.
1117 3730 1180 3816 ³⁸)

507 4017 560 4089 ¹⁸¹)
608 4019 866 4076 Editione
901 4019 1121 4076 Sallusti
1154 4021 1506 4078 Dietschiana
1541 4023 1709 4094 (Lips.
1751 4027 1929 4096 1859),
1977 4026 2322 4084 Meisteriana
2356 4028 2607 4099 Septimii

330 4105 504 4178 (Lips.
544 4110 723 4181 1872),
760 4110 1047 4167 Halmiana
1082 4112 1267 4168 Severi
1301 4113 1635 4183 (Vindobon.
1678 4116 1835 4184 1866)
1872 4114 1955 4170 usi
1988 4133 2192 4171 sumus.
2265 4151 2268 4155 ·
