3000 4792
1394 231 1471 298 19

491 405 646 473 Sall.
689 405 843 493 Jug.
1256 406 1427 472 Dict.
1472 403 1575 470 Cr.
2061 406 2127 474 S.
2174 403 2317 473 Sev.

290 565 552 622 BObinssaS
580 582 645 619 ex
671 565 916 622 hlbidinfl
944 583 1039 620 flua
1819 573 2053 628 ἥρωι-08
2077 569 2197 640 Syri
2219 570 2444 623 emente
2467 566 2560 623 ad-

289 656 389 693 usa
424 639 623 693 multos
652 679 666 693 .
708 679 721 693 .
759 679 772 694 .
809 639 1039 693 extinxit
1818 645 2044 700 modum
2079 640 2307 699 victoria
2343 640 2427 694 usi

324 711 382 764 in
419 711 645 764 relicum
1096 709 1145 767 V
1182 713 1216 764 2
1251 709 1307 764 in
1341 710 1586 766 futurum

328 785 412 835 set
436 782 504 835 de
533 822 545 835 .
577 821 589 834 .
615 821 628 835 .
656 781 701 834 si
726 781 1034 846 singulatim
1855 789 1905 843 D
1941 788 1969 842 1
2012 789 2098 846 19,
2135 790 2169 842 6
2198 782 2294 840 sed
2331 798 2419 835 me
2444 781 2559 835 dies

291 858 385 908 aut
421 870 523 922 pro
550 854 921 923 magnitudine
946 870 1038 922 pa·
1797 857 1946 915 'ante
1997 858 2213 914 deficiet
2227 896 2241 920 ,
2287 871 2450 922 quam
2484 854 2567 907 di·

289 942 406 978 rem
467 925 727 979 disserere
744 968 757 992 ‚
823 929 1036 994 tempus
1820 950 1975 988 versa
1987 930 2414 994 miracula,quae
2425 925 2563 978 mihi

289 1013 451 1065 quam
501 1014 586 1051 res
635 999 898 1052 maturius
949 1014 1037 1051 me
1819 1006 1888 1060 de
1939 1045 1952 1058 .
1993 1042 2008 1056 .
2049 1044 2062 1057 .
2112 1005 2238 1057 sunt
2285 1001 2568 1067 conperta,

294 1069 511 1123 deserat
1819 1089 2191 1134 consummem

326 1208 382 1279 3)
419 1227 573 1266 arma
607 1213 732 1275 tela,
780 1226 946 1278 equos
982 1212 1035 1262 et
1097 1203 1126 1256 I
1176 1205 1243 1258 16
1289 1203 1652 1260 instrumenta
1699 1206 1798 1259 mi·

288 1283 865 1354 ceterainstrumenta
898 1279 1037 1334 mili·
1057 1275 1204 1329 litiae
1258 1316 1271 1330 .
1313 1315 1326 1328 ·
1366 1314 1379 1328 ·
1429 1293 1609 1345 arma,
1668 1278 1797 1337 tela.

268 1352 397 1411 'tiae
437 1370 633 1425 parare
1056 1347 1204 1415 equi,
1258 1363 1419 1401 naves
1466 1353 1628 1417 atque
1664 1348 1798 1404 haee

1056 1418 1238 1473 omnia
1259 1423 1378 1474 toto
1403 1418 1621 1476 biennio
1645 1438 1797 1490 prae-

1054 1495 1315 1559 parantur

326 1567 393 1635 4)
417 1566 608 1623 civitas
626 1578 836 1618 summo
855 1562 1033 1619 studio
1089 1562 1114 1615 I
1165 1565 1195 1616 5
1243 1579 1370 1617 cum
1406 1602 1420 1617 .
1457 1601 1471 1616 .
1511 1602 1526 1617 .
1573 1562 1795 1616 summis

289 1640 638 1694 adnitebatur
1052 1634 1246 1689 studiis
1282 1633 1655 1689 adniterentur

326 1711 384 1781 ὅ)
432 1708 686 1764 omnibus
731 1707 893 1761 rebus
940 1724 1032 1777 pa·
1087 1705 1140 1759 11
1178 1706 1244 1760 12
1281 1706 1545 1761 ordinatis
1571 1705 1794 1775 disposi-

287 1783 420 1837 ratis
502 1779 904 1849 conpositisque
976 1779 1028 1832 in
1053 1778 1225 1847 tisque
1251 1778 1505 1833 omnibus
1547 1816 1562 1831 .
1601 1817 1614 1832 .
1647 1816 1662 1831 .
1698 1777 1794 1833 do·

286 1852 602 1911 Numidiam
672 1849 1033 1921 proficiscitur
1054 1867 1203 1903 mum
1240 1849 1474 1905 discedit

334 1926 621 1981 adversum
685 1923 929 1976 divitias·
975 1922 1029 1975 in
1849 1931 1896 1984 D
1921 1929 1949 1991 1
1974 1929 2042 1983 25
2048 1969 2062 1995 ,
2089 1929 2124 1980 4
2139 1925 2392 1979 advorsus
2412 1923 2560 1979 vani.

286 1999 493 2053 viotum
528 1995 770 2051 animum
805 1993 1033 2064 gerebat
1812 2006 1985 2057 tatem
2019 1999 2195 2066 mque
2233 1996 2558 2067 jactantiam

1815 2074 2074 2128 invictum
2107 2069 2361 2141 spiritum
2392 2067 2563 2141 gessit

587 2138 676 2193 45.
1103 2133 1159 2188 11
1212 2136 1279 2188 41
1350 2133 1548 2202 jubent
1607 2149 1793 2188 omnes
2153 2136 2184 2165 f

327 2209 383 2279 2)
432 2211 492 2262 ut
544 2225 670 2263 cum
717 2205 887 2276 signis
930 2204 1031 2259 fre·
1055 2205 1358 2275 frequentes
1428 2204 1575 2275 apud
1644 2220 1795 2260 arma

287 2286 512 2351 quentes
546 2279 863 2406 incegerent
1054 2293 1215 2348 agere

348 2422 402 2494 1)
453 2423 672 2479 Interea
742 2418 1033 2491 Jugurtha,
1105 2428 1161 2481 II
1224 2428 1291 2482 18
1348 2425 1445 2481 sed
1496 2423 1593 2479 ubi
1651 2463 1665 2477 .
1719 2463 1733 2477 .
1779 2461 1794 2476 .
1852 2436 1893 2492 0
1932 2436 1986 2490 Π
2029 2437 2127 2498 47,
2177 2436 2210 2488 7
2258 2449 2364 2502 quo
2411 2447 2558 2487 nom.

286 2496 382 2552 ubi
419 2538 432 2552 ·
471 2537 484 2551 ·
526 2533 541 2550 ·
598 2493 839 2577 accqpissae
895 2492 1032 2546 diffi·
1054 2499 1327 2570 cognovit,
1361 2497 1612 2553 diffidens
1634 2495 1798 2580 rebus
1820 2514 1974 2580 pel-to
2002 2508 2244 2564 Gnostici
2281 2503 2440 2561 diffisi
2476 2520 2560 2557 re.

287 2569 418 2624 dere
453 2569 616 2622 rebus
652 2582 778 2634 suis,
814 2581 880 2619 ac
917 2568 1031 2618 tum
1053 2572 1160 2627 suis
1206 2571 1540 2626 deditionem
1586 2573 1800 2638 occepit
1820 2585 1918 2638 bus
1953 2582 2080 2649 guig,
2115 2598 2224 2635 non
2261 2578 2376 2633 augi
2420 2575 2562 2647 judi.

288 2640 510 2694 demum
569 2654 754 2692 Veram
805 2636 1033 2691 deditio·
1818 2657 1902 2711 cio
1914 2659 2138 2722 certare,
2149 2654 2343 2722 sponte
2353 2664 2562 2705 cessere

286 2727 413 2765 nem
459 2711 638 2765 facere
688 2713 914 2764 conatus
950 2713 1035 2761 est

349 2782 405 2850 5)
475 2782 624 2836 obvii
706 2780 1046 2850 procedunt‚!
1087 2785 1141 2839 Π
1181 2788 1248 2841 13
1283 2784 1557 2855 supplices
1595 2787 1652 2838 et
1673 2799 1796 2837 cum
1852 2801 1893 2855 Ο
1917 2800 1945 2855 1
1971 2802 2039 2855 39
2093 2797 2128 2851 5
2160 2793 2457 2850 amiciffiam
2488 2791 2559 2848 ab

287 2853 465 2922 parati
510 2853 842 2906 frumentum
886 2852 1033 2914 dare,
1054 2874 1189 2926 pace
1249 2858 1319 2912 ad
1381 2856 1617 2910 Graecos
1669 2871 1795 2909 con-
1816 2890 1882 2928 ΕΟ
1905 2842 2199 2940 foedasque
2222 2867 2446 2937 paim-0,
2465 2882 2554 2936 Pa.

288 2928 631 2979 conmeatum
664 2928 905 2992 portare,
928 2940 1024 2993 po·
1054 2929 1278 2985 veniunt
1295 2971 1309 3000 ‚
1380 2927 1680 2982 amicitiam
1741 2930 1798 2980 et
1817 2945 1924 3000 rati
1955 2945 2224 3014 imperata
2257 2937 2435 2993 facere

287 2999 491 3050 stremo
546 2995 728 3050 omnia
775 3010 911 3063 quae
955 2995 1034 3048 in·
1052 3001 1261 3060 omnia,
1322 3017 1458 3069 quae
1502 2998 1795 3068 inperavis·

290 3071 609 3137 perarantur
627 3066 823 3190 ἑξοθτθ
1053 3077 1193 3137 sent,
1229 3071 1467 3127 facturos
1501 3070 1738 3141 polliciti

325 3207 381 3277 1)
420 3209 538 3261 erat
564 3204 705 3261 haut
739 3207 929 3277 procul
964 3208 1033 3261 ab
1855 3228 1896 3284 Ο
1930 3229 1959 3284 1
1996 3231 2083 3291 22,
2133 3229 2169 3282 4
2217 3229 2336 3283 emb
2380 3226 2438 3281 in
2472 3225 2557 3281 his

286 3296 353 3334 ΘΟ
378 3279 572 3333 itinere
612 3318 625 3331 ⁶
662 3315 678 3333 ⁶
715 3317 730 3331 ·
768 3279 1035 3363 ⁰Ppid¹²m
1088 3285 1143 3339 ῙῘ
1161 3286 1195 3338 3
1216 3285 1310 3353 qui
1327 3283 1950 3357 11¹amandigrafialocis
2008 3299 2272 3370 oppidum
2341 3298 2562 3354 nomine

283 3351 660 3419 Numidarum,
693 3365 913 3405 nomme
931 3350 1032 3406 Va·
1053 3373 1153 3426 per
1212 3373 1428 3411 omnem
1482 3355 1797 3425 Hellespon·
1817 3372 2036 3429 Jericho

285 3440 351 3478 ca
390 3462 404 3477 .
446 3463 460 3477 .
499 3461 513 3476 .
548 3422 644 3475 ubi
694 3427 750 3476 et
799 3423 1034 3477 incolere
1053 3432 1170 3483 tum
1190 3431 1525 3483 commutare
1542 3445 1629 3481 rea
1649 3445 1796 3482 eum-

285 3498 344 3550 et
376 3494 609 3555 mercari
646 3499 1035 3549 consueverant
1053 3501 1250 3556 accolis
1315 3499 1457 3554 sueti
1528 3501 1673 3555 ultro
1722 3501 1796 3556 oi-

283 3565 463 3621 Italici
481 3565 690 3637 generis
710 3566 868 3621 multi
891 3583 1032 3622 mor·
1051 3578 1243 3642 troque
1277 3571 1619 3643 vagabantur

283 3638 422 3693 tales

322 3777 378 3846 3)
415 3794 572 3833 mons
609 3708 725 3833 .48.
757 3783 941 3836 vastus
961 3780 1031 3836 ab
1849 3789 1899 3843 D
1946 3789 1976 3842 1
2012 3789 2082 3844 35
2101 3825 2118 3853 ,
2155 3790 2189 3843 8
2227 3803 2350 3842 cum
2386 3801 2557 3841 vacua

283 3855 480 3907 natura
514 3853 573 3906 et
611 3847 847 3906 humano
883 3852 1033 3908 cultu
1814 3860 2051 3916 humano
2076 3860 2225 3915 cultu
2242 3858 2424 3915 omnia
2446 3874 2565 3914 cer-

619 3952 689 4048 4·9
1815 3948 2066 3987 [letemus

322 4063 378 4134 2)
416 4064 544 4120 dein
568 4034 810 4134 singulas
827 4068 1034 4124 turmas
1086 4071 1142 4127 Π
1168 4074 1238 4129 39
1260 4090 1495 4145 propere
1511 4074 1675 4131 duces
1693 4077 1794 4132 cir-

286 4139 343 4192 et
375 4137 681 4207 manipulos
713 4136 1034 4195 circumiens
1052 4160 1396 4200 cumcursans
1426 4163 1629 4216 magna
1663 4166 1795 4205 voce

285 4211 473 4263 monet
521 4216 682 4278 atque
731 4209 1035 4267 obtestatur
1055 4220 1243 4272 monet
1275 4222 1437 4288 atque
1470 4218 1724 4277 hortatur

317 4278 375 4348 4)
412 4278 483 4332 ad
515 4279 624 4334 hoc
659 4280 861 4349 viijtim
887 4299 1032 4338 com·
1848 4290 1889 4346 C
1926 4290 1954 4345 1
1979 4293 2064 4356 35,
2097 4292 2131 4346 8
2167 4289 2432 4346 allocutus
2456 4295 2556 4363 est,

282 4349 623 4408 monefacere
659 4351 890 4409 benefici
911 4355 996 4410 sui
1810 4379 1909 4419 sua
1977 4363 2036 4418 in
2103 4362 2261 4417 illum
2317 4379 2551 4420 comme·
2571 4386 2589 4399 ⁶*

1807 4449 2027 4491 morans
2061 4430 2325 4492 beneficia

2040 4527 2078 4583 2
2087 4518 2122 4557 ἡ
